Late_delivery_risk,Delivery Status,Days for shipping (real),Days for shipment (scheduled),order date (DateOrders),shipping date (DateOrders),Order Id,Order Status,Order Region,Order State,Order City,Order Zipcode,Category Name,Department Name,Product Category Id,Product Price,Order Item Quantity,Order Item Product Price,Order Item Discount,Order Item Total,Shipping Mode,Sales,Order Profit Per Order,Sales per customer
1,Advance shipping,3.0,4.0,1/31/2018 22:56,2/3/2018 22:56,77202,COMPLETE,Southeast Asia,Java Occidental,Bekasi,,Sporting Goods,Fitness,73,327.75,1,327.75,13.10999966,314.6400146,Standard Class,327.75,91.25,314.6400146
1,Late delivery,5.0,4.0,1/13/2018 12:27,1/18/2018 12:27,75939,PENDING,South Asia,Rajastán,Bikaner,,Sporting Goods,Fitness,73,327.75,1,327.75,16.38999939,311.3599854,Standard Class,327.75,-249.0899963,311.3599854
1,Shipping on time,4.0,4.0,1/13/2018 12:06,1/17/2018 12:06,75938,CLOSED,South Asia,Rajastán,Bikaner,,Sporting Goods,Fitness,73,327.75,1,327.75,18.03000069,309.7200012,Standard Class,327.75,-247.7799988,309.7200012
1,Advance shipping,3.0,4.0,1/13/2018 11:45,1/16/2018 11:45,75937,COMPLETE,Oceania,Queensland,Townsville,,Sporting Goods,Fitness,73,327.75,1,327.75,22.94000053,304.8099976,Standard Class,327.75,22.86000061,304.8099976
1,Advance shipping,2.0,4.0,1/13/2018 11:24,1/15/2018 11:24,75936,PENDING_PAYMENT,Oceania,Queensland,Townsville,,Sporting Goods,Fitness,73,327.75,1,327.75,29.5,298.25,Standard Class,327.75,134.2100067,298.25
1,Shipping canceled,6.0,4.0,1/13/2018 11:03,1/19/2018 11:03,75935,CANCELED,Oceania,Queensland,Toowoomba,,Sporting Goods,Fitness,73,327.75,1,327.75,32.77999878,294.980011,Standard Class,327.75,18.57999992,294.980011
1,Late delivery,2.0,1.0,1/13/2018 10:42,1/15/2018 10:42,75934,COMPLETE,Eastern Asia,Guangdong,Guangzhou,,Sporting Goods,Fitness,73,327.75,1,327.75,39.33000183,288.4200134,First Class,327.75,95.18000031,288.4200134
1,Late delivery,2.0,1.0,1/13/2018 10:21,1/15/2018 10:21,75933,PROCESSING,Eastern Asia,Guangdong,Guangzhou,,Sporting Goods,Fitness,73,327.75,1,327.75,42.61000061,285.1400146,First Class,327.75,68.43000031,285.1400146
1,Late delivery,3.0,2.0,1/13/2018 10:00,1/16/2018 10:00,75932,CLOSED,Eastern Asia,Guangdong,Guangzhou,,Sporting Goods,Fitness,73,327.75,1,327.75,49.15999985,278.5899963,Second Class,327.75,133.7200012,278.5899963
1,Late delivery,2.0,1.0,1/13/2018 9:39,1/15/2018 9:39,75931,CLOSED,Eastern Asia,Guangdong,Guangzhou,,Sporting Goods,Fitness,73,327.75,1,327.75,52.43999863,275.3099976,First Class,327.75,132.1499939,275.3099976
1,Shipping canceled,6.0,2.0,1/13/2018 9:18,1/19/2018 9:18,75930,SUSPECTED_FRAUD,Eastern Asia,Tokio,Tokio,,Sporting Goods,Fitness,73,327.75,1,327.75,55.72000122,272.0299988,Second Class,327.75,130.5800018,272.0299988
1,Late delivery,5.0,2.0,1/13/2018 8:57,1/18/2018 8:57,75929,PENDING,Southeast Asia,Célebes Septentrional,Manado,,Sporting Goods,Fitness,73,327.75,1,327.75,59.0,268.7600098,Second Class,327.75,45.68999863,268.7600098
1,Late delivery,4.0,2.0,1/13/2018 8:36,1/17/2018 8:36,75928,PENDING,Southeast Asia,Célebes Septentrional,Manado,,Sporting Goods,Fitness,73,327.75,1,327.75,65.55000305,262.2000122,Second Class,327.75,21.76000023,262.2000122
1,Late delivery,2.0,1.0,1/13/2018 8:15,1/15/2018 8:15,75927,COMPLETE,South Asia,Maharashtra,Sangli,,Sporting Goods,Fitness,73,327.75,1,327.75,81.94000244,245.8099976,First Class,327.75,24.57999992,245.8099976
1,Late delivery,2.0,1.0,1/13/2018 7:54,1/15/2018 7:54,75926,PROCESSING,South Asia,Maharashtra,Sangli,,Sporting Goods,Fitness,73,327.75,1,327.75,24.835652308644267,327.75,First Class,327.75,16.38999939,327.75
1,Late delivery,2.0,1.0,1/13/2018 7:33,1/15/2018 7:33,75925,COMPLETE,South Asia,Maharashtra,Sangli,,Sporting Goods,Fitness,73,327.75,1,327.75,3.279999971,324.4700012,First Class,327.75,-259.5799866,324.4700012
1,Late delivery,5.0,2.0,1/13/2018 7:12,1/18/2018 7:12,75924,PENDING_PAYMENT,Eastern Asia,Seúl,Seúl,,Sporting Goods,Fitness,73,327.75,1,327.75,6.559999943,321.2000122,Second Class,327.75,-246.3600006,321.2000122
1,Late delivery,2.0,1.0,1/13/2018 6:51,1/15/2018 6:51,75923,CLOSED,South Asia,Madhya Pradesh,Jabalpur,,Sporting Goods,Fitness,73,327.75,1,327.75,9.829999924,317.9200134,First Class,327.75,23.84000015,317.9200134
1,Late delivery,2.0,1.0,1/13/2018 6:30,1/15/2018 6:30,75922,COMPLETE,South Asia,Madhya Pradesh,Jabalpur,,Sporting Goods,Fitness,73,327.75,1,327.75,13.10999966,314.6400146,First Class,327.75,102.2600021,314.6400146
1,Shipping on time,3.90314465408805,3.139030612244898,1/13/2018 6:09,1/13/2018 18:09,75921,PENDING_PAYMENT,South Asia,Madhya Pradesh,Jabalpur,,Sporting Goods,Fitness,73,327.75,1,327.75,16.38999939,311.3599854,Same Day,327.75,87.18000031,311.3599854
1,Shipping on time,3.90314465408805,3.139030612244898,1/13/2018 5:48,1/13/2018 17:48,75920,PROCESSING,South Asia,Madhya Pradesh,Jabalpur,,Sporting Goods,Fitness,73,327.75,1,327.75,18.03000069,309.7200012,Same Day,327.75,154.8600006,309.7200012
1,Late delivery,5.0,4.0,1/13/2018 5:27,1/18/2018 5:27,75919,PENDING,South Asia,Madhya Pradesh,Jabalpur,,Sporting Goods,Fitness,73,327.75,1,327.75,22.94000053,304.8099976,Standard Class,327.75,82.30000305,304.8099976
1,Late delivery,4.0,2.0,1/13/2018 5:06,1/17/2018 5:06,75918,PENDING,Oceania,Victoria,Geelong,,Sporting Goods,Fitness,73,327.75,1,327.75,29.5,298.25,Second Class,327.75,22.37000084,298.25
1,Shipping canceled,3.0,2.0,1/13/2018 4:45,1/16/2018 4:45,75917,CANCELED,Oceania,Victoria,Geelong,,Sporting Goods,Fitness,73,327.75,1,327.75,32.77999878,294.980011,Second Class,327.75,17.70000076,294.980011
1,Shipping canceled,2.0,2.0,1/13/2018 4:24,1/15/2018 4:24,75916,SUSPECTED_FRAUD,Oceania,Queensland,Brisbane,,Sporting Goods,Fitness,73,327.75,1,327.75,39.33000183,288.4200134,Second Class,327.75,90.27999878,288.4200134
1,Late delivery,6.0,2.0,1/13/2018 4:03,1/19/2018 4:03,75915,COMPLETE,Oceania,Australia Occidental,Mandurah,,Sporting Goods,Fitness,73,327.75,1,327.75,42.61000061,285.1400146,Second Class,327.75,131.1699982,285.1400146
1,Late delivery,5.0,2.0,1/13/2018 3:42,1/18/2018 3:42,75914,PENDING,Oceania,Australia Occidental,Mandurah,,Sporting Goods,Fitness,73,327.75,1,327.75,49.15999985,278.5899963,Second Class,327.75,90.54000092,278.5899963
1,Shipping on time,4.0,4.0,1/13/2018 3:21,1/17/2018 3:21,75913,PENDING_PAYMENT,Eastern Asia,Guangxi,Guilin,,Sporting Goods,Fitness,73,327.75,1,327.75,52.43999863,275.3099976,Standard Class,327.75,82.58999634,275.3099976
1,Advance shipping,3.0,4.0,1/13/2018 3:00,1/16/2018 3:00,75912,COMPLETE,Eastern Asia,Guangxi,Guilin,,Sporting Goods,Fitness,73,327.75,1,327.75,55.72000122,272.0299988,Standard Class,327.75,-17.13999939,272.0299988
1,Advance shipping,2.0,4.0,1/13/2018 2:39,1/15/2018 2:39,75911,PROCESSING,Eastern Asia,Guangxi,Guilin,,Sporting Goods,Fitness,73,327.75,1,327.75,59.0,268.7600098,Standard Class,327.75,23.64999962,268.7600098
1,Late delivery,6.0,4.0,1/13/2018 2:18,1/19/2018 2:18,75910,ON_HOLD,Eastern Asia,Guangxi,Guilin,,Sporting Goods,Fitness,73,327.75,1,327.75,65.55000305,262.2000122,Standard Class,327.75,73.41999817,262.2000122
1,Late delivery,5.0,4.0,1/13/2018 1:57,1/18/2018 1:57,75909,COMPLETE,South Asia,Delhi,Delhi,,Sporting Goods,Fitness,73,327.75,1,327.75,81.94000244,245.8099976,Standard Class,327.75,113.0699997,245.8099976
1,Shipping on time,4.0,4.0,1/13/2018 1:36,1/17/2018 1:36,75908,PENDING_PAYMENT,South Asia,Delhi,Delhi,,Sporting Goods,Fitness,73,327.75,1,327.75,24.835652308644267,327.75,Standard Class,327.75,24.57999992,327.75
1,Late delivery,2.0,1.0,1/13/2018 1:15,1/15/2018 1:15,75907,COMPLETE,Eastern Asia,Gansu,Suzhou,,Sporting Goods,Fitness,73,327.75,1,327.75,3.279999971,324.4700012,First Class,327.75,-97.33999634,324.4700012
1,Late delivery,2.0,1.0,1/13/2018 0:54,1/15/2018 0:54,75906,PENDING_PAYMENT,Eastern Asia,Gansu,Suzhou,,Sporting Goods,Fitness,73,327.75,1,327.75,6.559999943,321.2000122,First Class,327.75,-425.5799866,321.2000122
1,Late delivery,2.0,1.0,1/13/2018 0:33,1/15/2018 0:33,75905,PENDING_PAYMENT,Southeast Asia,Singapur,Singapur,,Sporting Goods,Fitness,73,327.75,1,327.75,9.829999924,317.9200134,First Class,327.75,152.6000061,317.9200134
1,Late delivery,2.0,1.0,1/13/2018 0:12,1/15/2018 0:12,75904,CLOSED,South Asia,Karnataka,Hubli,,Sporting Goods,Fitness,73,327.75,1,327.75,13.10999966,314.6400146,First Class,327.75,151.0299988,314.6400146
1,Late delivery,2.0,1.0,1/12/2018 23:51,1/14/2018 23:51,75903,COMPLETE,Oceania,Nueva Gales del Sur,Wollongong,,Sporting Goods,Fitness,73,327.75,1,327.75,16.38999939,311.3599854,First Class,327.75,62.27000046,311.3599854
1,Late delivery,1.0,3.139030612244898,1/12/2018 23:30,1/13/2018 11:30,75902,COMPLETE,Oceania,Nueva Gales del Sur,Wollongong,,Sporting Goods,Fitness,73,327.75,1,327.75,18.03000069,309.7200012,Same Day,327.75,35.0,309.7200012
1,Shipping canceled,1.0,3.139030612244898,1/12/2018 23:09,1/13/2018 11:09,75901,CANCELED,Oceania,Nueva Gales del Sur,Wollongong,,Sporting Goods,Fitness,73,327.75,1,327.75,22.94000053,304.8099976,Same Day,327.75,57.29999924,304.8099976
1,Late delivery,1.0,3.139030612244898,1/12/2018 22:48,1/13/2018 10:48,75900,PENDING_PAYMENT,Southeast Asia,Singapur,Singapur,,Sporting Goods,Fitness,73,327.75,1,327.75,29.5,298.25,Same Day,327.75,143.1600037,298.25
1,Late delivery,1.0,3.139030612244898,1/12/2018 22:27,1/13/2018 10:27,75899,COMPLETE,Southeast Asia,Singapur,Singapur,,Sporting Goods,Fitness,73,327.75,1,327.75,32.77999878,294.980011,Same Day,327.75,135.6900024,294.980011
1,Shipping on time,4.0,4.0,1/12/2018 22:05,1/16/2018 22:05,75898,CLOSED,Southeast Asia,Sumatra Septentrional,Medan,,Sporting Goods,Fitness,73,327.75,1,327.75,39.33000183,288.4200134,Standard Class,327.75,132.6699982,288.4200134
1,Advance shipping,3.0,4.0,1/12/2018 21:44,1/15/2018 21:44,75897,PENDING_PAYMENT,Southeast Asia,Sumatra Septentrional,Medan,,Sporting Goods,Fitness,73,327.75,1,327.75,42.61000061,285.1400146,Standard Class,327.75,119.7600021,285.1400146
1,Advance shipping,2.0,4.0,1/12/2018 21:23,1/14/2018 21:23,75896,COMPLETE,Oceania,Territorio de la Capital Australiana,Canberra,,Sporting Goods,Fitness,73,327.75,1,327.75,49.15999985,278.5899963,Standard Class,327.75,31.47999954,278.5899963
1,Late delivery,6.0,4.0,1/12/2018 21:02,1/18/2018 21:02,75895,PENDING,South Asia,Karnataka,Bangalore,,Sporting Goods,Fitness,73,327.75,1,327.75,52.43999863,275.3099976,Standard Class,327.75,86.16999817,275.3099976
1,Late delivery,5.0,2.0,1/12/2018 20:41,1/17/2018 20:41,75894,PENDING,South Asia,Karnataka,Bangalore,,Sporting Goods,Fitness,73,327.75,1,327.75,55.72000122,272.0299988,Second Class,327.75,130.5800018,272.0299988
1,Shipping on time,4.0,4.0,1/12/2018 20:20,1/16/2018 20:20,75893,PROCESSING,Eastern Asia,Zhejiang,Yiwu,,Sporting Goods,Fitness,73,327.75,1,327.75,59.0,268.7600098,Standard Class,327.75,29.15803281379571,268.7600098
1,Late delivery,5.0,2.0,2/24/2016 13:57,2/29/2016 13:57,28744,PENDING_PAYMENT,South Asia,Uttar Pradesh,Mirzapur,,Cleats,Apparel,17,59.99000168,2,59.99000168,4.800000191,115.1800003,Second Class,119.9800034,-30.75,115.1800003
1,Shipping on time,2.0,2.0,10/25/2016 14:39,10/27/2016 14:39,45461,PENDING_PAYMENT,West Asia,Bursa,Bursa,,Shop By Sport,Golf,29,39.99000168,2,39.99000168,0.800000012,79.18000031,Second Class,79.98000336,-122.7300034,79.18000031
1,Late delivery,6.0,2.0,3/30/2016 4:37,4/5/2016 4:37,31115,PENDING_PAYMENT,Oceania,Australia del Sur,Murray Bridge,,Women's Apparel,Golf,24,50.0,2,50.0,4.0,96.0,Second Class,100.0,33.59999847,96.0
1,Shipping on time,2.0,2.0,10/30/2016 1:31,11/1/2016 1:31,45766,PENDING_PAYMENT,West Asia,Estambul,Kartal,,Shop By Sport,Golf,29,39.99000168,2,39.99000168,4.0,75.98000336,Second Class,79.98000336,24.69000053,75.98000336
1,Late delivery,3.0,2.0,11/28/2016 1:18,12/1/2016 1:18,47752,PENDING_PAYMENT,Eastern Asia,Ulán Bator,Ulan Bator,,Women's Apparel,Golf,24,50.0,2,50.0,9.0,91.0,Second Class,100.0,9.100000381,91.0
1,Late delivery,5.0,2.0,12/31/2016 15:47,1/5/2017 15:47,50054,PENDING_PAYMENT,West Asia,Estambul,Estambul,,Women's Apparel,Golf,24,50.0,2,50.0,13.0,87.0,Second Class,100.0,-21.75,87.0
1,Late delivery,6.0,2.0,10/25/2015 6:24,10/31/2015 6:24,20365,PENDING_PAYMENT,South Asia,Rajastán,Raipur,,Women's Apparel,Golf,24,50.0,2,50.0,18.0,82.0,Second Class,100.0,6.150000095,82.0
1,Shipping on time,2.0,2.0,6/11/2016 15:12,6/13/2016 15:12,36146,PENDING_PAYMENT,West of USA ,Washington,Pasco,99301.0,Electronics,Footwear,13,44.99000168,2,44.99000168,15.30000019,74.68000031,Second Class,89.98000336,22.40999985,74.68000031
1,Late delivery,5.0,2.0,8/24/2016 21:45,8/29/2016 21:45,41234,PENDING_PAYMENT,West of USA ,California,Los Angeles,90049.0,Boxing & MMA,Footwear,12,54.97000122,2,54.97000122,19.79000092,90.15000153,Second Class,109.9400024,25.23999977,90.15000153
1,Late delivery,6.0,2.0,4/13/2016 10:12,4/19/2016 10:12,32090,PENDING_PAYMENT,West of USA ,California,San Francisco,94110.0,Cleats,Apparel,17,59.99000168,2,59.99000168,2.400000095,117.5800018,Second Class,119.9800034,30.5699997,117.5800018
1,Late delivery,4.0,2.0,5/22/2016 14:10,5/26/2016 14:10,34773,PENDING_PAYMENT,US Center ,Kansas,Overland Park,66212.0,Cleats,Apparel,17,59.99000168,2,59.99000168,24.0,95.98000336,Second Class,119.9800034,46.0699997,95.98000336
1,Shipping on time,2.0,2.0,10/4/2016 22:55,10/6/2016 22:55,44046,PENDING_PAYMENT,West Africa,Cross River,Ugep,,Cardio Equipment,Footwear,9,99.98999786,3,99.98999786,36.0,263.9700012,Second Class,299.9700012,-184.7799988,263.9700012
1,Late delivery,5.0,2.0,11/8/2016 12:32,11/13/2016 12:32,46414,PENDING_PAYMENT,Central Africa,Kinshasa,Kinshasa,,Shop By Sport,Golf,29,39.99000168,3,39.99000168,6.0,113.9700012,Second Class,119.9700012,38.75,113.9700012
1,Late delivery,5.0,2.0,11/11/2016 5:21,11/16/2016 5:21,46599,PENDING_PAYMENT,West Africa,Dakar,Dakar,,Trade-In,Outdoors,41,21.98999977,3,21.98999977,1.980000019,63.99000168,Second Class,65.97000122,-3.650000095,63.99000168
1,Late delivery,5.0,2.0,12/8/2016 0:14,12/13/2016 0:14,48434,PENDING_PAYMENT,North Africa,Gran Casablanca,Casablanca,,Electronics,Outdoors,37,31.98999977,3,31.98999977,16.30999947,79.66000366,Second Class,95.97000122,38.22999954,79.66000366
1,Late delivery,3.0,2.0,7/7/2015 5:31,7/10/2015 5:31,12827,PENDING_PAYMENT,Western Europe,Renania del Norte-Westfalia,Dortmund,,Cardio Equipment,Footwear,9,99.98999786,3,99.98999786,6.0,293.9700012,Second Class,299.9700012,129.3500061,293.9700012
1,Shipping on time,2.0,2.0,7/22/2017 7:16,7/24/2017 7:16,63936,PENDING_PAYMENT,Western Europe,Isla de Francia,Drancy,,Cardio Equipment,Footwear,9,99.98999786,3,99.98999786,30.0,269.9700012,Second Class,299.9700012,132.2899933,269.9700012
1,Late delivery,6.0,2.0,8/7/2017 6:33,8/13/2017 6:33,65030,PENDING_PAYMENT,Western Europe,Países del Loira,Nantes,,Cardio Equipment,Footwear,9,99.98999786,3,99.98999786,74.98999786,224.9799957,Second Class,299.9700012,76.04000092,224.9799957
1,Late delivery,4.0,2.0,9/22/2015 7:41,9/26/2015 7:41,18108,PENDING_PAYMENT,Western Europe,Groningen,Groningen,,Cleats,Apparel,17,59.99000168,3,59.99000168,3.599999905,176.3699951,Second Class,179.9700012,81.12999725,176.3699951
1,Shipping on time,2.0,2.0,7/2/2017 9:03,7/4/2017 9:03,62571,PENDING_PAYMENT,Northern Europe,Inglaterra,Gateshead,,Cleats,Apparel,17,59.99000168,3,59.99000168,12.60000038,167.3699951,Second Class,179.9700012,43.52000046,167.3699951
1,Late delivery,3.0,2.0,9/8/2015 12:15,9/11/2015 12:15,17162,PENDING_PAYMENT,Northern Europe,Inglaterra,Eastbourne,,Cleats,Apparel,17,59.99000168,3,59.99000168,16.20000076,163.7700043,Second Class,179.9700012,68.77999878,163.7700043
1,Late delivery,3.0,2.0,8/20/2017 7:03,8/23/2017 7:03,65922,PENDING_PAYMENT,Western Europe,Alsacia-Champaña-Ardenas-Lorena,Hayange,,Cleats,Apparel,17,59.99000168,3,59.99000168,18.0,161.9700012,Second Class,179.9700012,40.49000168,161.9700012
1,Shipping on time,2.0,2.0,7/22/2017 7:16,7/24/2017 7:16,63936,PENDING_PAYMENT,Western Europe,Isla de Francia,Drancy,,Women's Apparel,Golf,24,50.0,3,50.0,10.5,139.5,Second Class,150.0,20.93000031,139.5
1,Late delivery,4.0,2.0,8/4/2017 2:31,8/8/2017 2:31,64813,PENDING_PAYMENT,Northern Europe,Inglaterra,Portsmouth,,Shop By Sport,Golf,29,39.99000168,3,39.99000168,12.0,107.9700012,Second Class,119.9700012,12.19999981,107.9700012
1,Late delivery,3.0,2.0,9/18/2017 1:14,9/21/2017 1:14,67892,PENDING_PAYMENT,Western Europe,Renania del Norte-Westfalia,Gelsenkirchen,,Women's Apparel,Golf,24,50.0,3,50.0,37.5,112.5,Second Class,150.0,12.71000004,112.5
1,Late delivery,6.0,2.0,7/2/2015 19:42,7/8/2015 19:42,12525,PENDING_PAYMENT,Western Europe,Provenza-Alpes-Costa Azul,Nice,,Trade-In,Outdoors,41,21.98999977,3,21.98999977,10.56000042,55.40999985,Second Class,65.97000122,7.760000229,55.40999985
1,Late delivery,6.0,2.0,3/28/2015 0:55,4/3/2015 0:55,5895,PENDING_PAYMENT,Central America,Guatemala,Petapa,,Cardio Equipment,Footwear,9,99.98999786,3,99.98999786,24.835652308644267,299.9700012,Second Class,299.9700012,101.3899994,299.9700012
1,Late delivery,5.0,2.0,4/2/2017 16:43,4/7/2017 16:43,56359,PENDING_PAYMENT,Central America,San Salvador,Mejicanos,,Cleats,Apparel,17,59.99000168,3,59.99000168,1.799999952,178.1699982,Second Class,179.9700012,-285.0700073,178.1699982
1,Late delivery,4.0,2.0,5/5/2017 14:23,5/9/2017 14:23,58613,PENDING_PAYMENT,Central America,Chiriquí,David,,Cleats,Apparel,17,59.99000168,3,59.99000168,9.0,170.9700012,Second Class,179.9700012,42.74000168,170.9700012
1,Late delivery,5.0,2.0,4/25/2015 4:44,4/30/2015 4:44,7824,PENDING_PAYMENT,Caribbean,Santo Domingo,Santo Domingo,,Cleats,Apparel,17,59.99000168,3,59.99000168,9.899999619,170.0700073,Second Class,179.9700012,49.3199997,170.0700073
1,Late delivery,5.0,2.0,4/25/2015 1:14,4/30/2015 1:14,7814,PENDING_PAYMENT,South America,Zulia,Cabimas,,Cleats,Apparel,17,59.99000168,3,59.99000168,12.60000038,167.3699951,Second Class,179.9700012,80.33999634,167.3699951
1,Late delivery,5.0,2.0,4/25/2015 1:14,4/30/2015 1:14,7814,PENDING_PAYMENT,South America,Zulia,Cabimas,,Cleats,Apparel,17,59.99000168,3,59.99000168,16.20000076,163.7700043,Second Class,179.9700012,-26.69000053,163.7700043
1,Late delivery,3.0,2.0,6/6/2017 15:03,6/9/2017 15:03,60807,PENDING_PAYMENT,Caribbean,Santo Domingo,Santo Domingo,,Cleats,Apparel,17,59.99000168,3,59.99000168,27.0,152.9700012,Second Class,179.9700012,-117.3300018,152.9700012
1,Late delivery,4.0,2.0,2/18/2017 16:36,2/22/2017 16:36,53413,PENDING_PAYMENT,South America,Risaralda,Dos Quebradas,,Cleats,Apparel,17,59.99000168,3,59.99000168,27.0,152.9700012,Second Class,179.9700012,47.88000107,152.9700012
1,Late delivery,4.0,2.0,4/26/2015 3:10,4/30/2015 3:10,7888,PENDING_PAYMENT,Central America,San Salvador,Ilopango,,Women's Apparel,Golf,24,50.0,3,50.0,24.835652308644267,150.0,Second Class,150.0,72.0,150.0
1,Late delivery,4.0,2.0,4/10/2015 0:02,4/14/2015 0:02,6783,PENDING_PAYMENT,Central America,Francisco Morazán,Tegucigalpa,,Shop By Sport,Golf,29,39.99000168,3,39.99000168,4.800000191,115.1699982,Second Class,119.9700012,29.94000053,115.1699982
1,Late delivery,4.0,2.0,4/11/2017 15:49,4/15/2017 15:49,56973,PENDING_PAYMENT,South America,Bahía,Juazeiro,,Women's Apparel,Golf,24,50.0,3,50.0,6.0,144.0,Second Class,150.0,23.46999931,144.0
1,Late delivery,5.0,2.0,4/25/2015 4:44,4/30/2015 4:44,7824,PENDING_PAYMENT,Caribbean,Santo Domingo,Santo Domingo,,Women's Apparel,Golf,24,50.0,3,50.0,7.5,142.5,Second Class,150.0,68.40000153,142.5
1,Late delivery,6.0,2.0,3/16/2017 2:54,3/22/2017 2:54,55155,PENDING_PAYMENT,Central America,Distrito Federal,Mexico City,,Women's Apparel,Golf,24,50.0,3,50.0,10.5,139.5,Second Class,150.0,43.65999985,139.5
1,Shipping on time,2.0,2.0,3/29/2015 10:33,3/31/2015 10:33,5991,PENDING_PAYMENT,Central America,Jalisco,Tlaquepaque,,Women's Apparel,Golf,24,50.0,3,50.0,18.0,132.0,Second Class,150.0,13.19999981,132.0
1,Late delivery,4.0,2.0,2/3/2015 0:28,2/7/2015 0:28,2263,PENDING_PAYMENT,Central America,Puebla,Puebla,,Women's Apparel,Golf,24,50.0,3,50.0,18.0,132.0,Second Class,150.0,46.20000076,132.0
1,Late delivery,4.0,2.0,2/3/2015 0:28,2/7/2015 0:28,2263,PENDING_PAYMENT,Central America,Puebla,Puebla,,Women's Apparel,Golf,24,50.0,3,50.0,19.5,130.5,Second Class,150.0,10.43999958,130.5
1,Late delivery,4.0,2.0,2/18/2017 13:05,2/22/2017 13:05,53403,PENDING_PAYMENT,Central America,Distrito Federal,Mexico City,,Women's Apparel,Golf,24,50.0,3,50.0,25.5,124.5,Second Class,150.0,15.56000042,124.5
1,Late delivery,4.0,2.0,1/18/2017 19:37,1/22/2017 19:37,51298,PENDING_PAYMENT,South America,São Paulo,São Paulo,,Shop By Sport,Golf,29,39.99000168,3,39.99000168,20.38999939,99.58000183,Second Class,119.9700012,32.86000061,99.58000183
1,Late delivery,5.0,4.0,3/13/2015 18:59,3/18/2015 18:59,4919,PENDING,South America,Montevideo,Montevideo,,Women's Apparel,Golf,24,50.0,5,50.0,10.0,240.0,Standard Class,250.0,9.600000381,240.0
1,Late delivery,6.0,4.0,2/7/2017 9:47,2/13/2017 9:47,52640,PENDING,South America,Buenos Aires,Buenos Aires,,Shop By Sport,Golf,29,39.99000168,5,39.99000168,10.0,189.9499969,Standard Class,199.9499969,55.09000015,189.9499969
1,Shipping on time,4.0,4.0,4/3/2015 19:08,4/7/2015 19:08,6358,PENDING,South America,São Paulo,São Paulo,,Shop By Sport,Golf,29,39.99000168,5,39.99000168,11.0,188.9499969,Standard Class,199.9499969,68.58999634,188.9499969
1,Advance shipping,2.0,4.0,4/13/2017 14:25,4/15/2017 14:25,57106,PENDING,South America,São Paulo,Barueri,,Women's Apparel,Golf,24,50.0,5,50.0,13.75,236.25,Standard Class,250.0,51.97999954,236.25
1,Late delivery,6.0,4.0,4/2/2015 3:33,4/8/2015 3:33,6245,PENDING,South America,Paraná,Arapongas,,Women's Apparel,Golf,24,50.0,5,50.0,13.75,236.25,Standard Class,250.0,-23.62999916,236.25
1,Advance shipping,2.0,4.0,1/31/2017 11:43,2/2/2017 11:43,52166,PENDING,Caribbean,Camagüey,Camagüey,,Shop By Sport,Golf,29,30.0,5,30.0,13.5,136.5,Standard Class,150.0,66.88999939,136.5
1,Advance shipping,3.0,4.0,3/30/2017 23:12,4/2/2017 23:12,56172,PENDING,Caribbean,Las Tunas,Las Tunas,,Shop By Sport,Golf,29,39.99000168,5,39.99000168,18.0,181.9499969,Standard Class,199.9499969,11.46000004,181.9499969
1,Late delivery,5.0,4.0,3/25/2017 23:02,3/30/2017 23:02,55829,PENDING,Caribbean,Santo Domingo,Santo Domingo,,Women's Apparel,Golf,24,50.0,5,50.0,25.0,225.0,Standard Class,250.0,22.5,225.0
1,Shipping on time,4.0,4.0,2/5/2017 1:01,2/9/2017 1:01,52478,PENDING,Central America,Nayarit,Tepic,,Women's Apparel,Golf,24,50.0,5,50.0,25.0,225.0,Standard Class,250.0,67.5,225.0
1,Advance shipping,3.0,4.0,4/15/2017 14:04,4/18/2017 14:04,57242,PENDING,Central America,Panamá,San Miguelito,,Shop By Sport,Golf,29,39.99000168,5,39.99000168,25.98999977,173.9600067,Standard Class,199.9499969,78.27999878,173.9600067
1,Advance shipping,3.0,4.0,2/15/2015 18:40,2/18/2015 18:40,3137,PENDING,Central America,México,Ixtapaluca,,Women's Apparel,Golf,24,50.0,5,50.0,32.5,217.5,Standard Class,250.0,104.4000015,217.5
1,Advance shipping,3.0,4.0,5/27/2017 16:48,5/30/2017 16:48,60127,PENDING,South America,Alagoas,Maceió,,Women's Apparel,Golf,24,50.0,5,50.0,32.5,217.5,Standard Class,250.0,47.84999847,217.5
1,Shipping on time,4.0,4.0,2/25/2015 20:46,3/1/2015 20:46,3828,PENDING,Central America,Chiriquí,David,,Shop By Sport,Golf,29,39.99000168,5,39.99000168,29.98999977,169.9600067,Standard Class,199.9499969,44.18999863,169.9600067
1,Advance shipping,2.0,4.0,5/31/2017 11:33,6/2/2017 11:33,60386,PENDING,South America,Minas Gerais,Belo Horizonte,,Women's Apparel,Golf,24,50.0,5,50.0,37.5,212.5,Standard Class,250.0,8.5,212.5
1,Shipping on time,4.0,4.0,1/15/2015 4:32,1/19/2015 4:32,973,PENDING,Caribbean,Santiago de Cuba,Santiago de Cuba,,Shop By Sport,Golf,29,39.99000168,5,39.99000168,31.98999977,167.9600067,Standard Class,199.9499969,83.98000336,167.9600067
1,Late delivery,5.0,4.0,4/26/2017 15:16,5/1/2017 15:16,57999,PENDING,Central America,Cortés,San Pedro Sula,,Women's Apparel,Golf,24,50.0,5,50.0,42.5,207.5,Standard Class,250.0,70.13999939,207.5
1,Late delivery,6.0,4.0,3/7/2017 19:12,3/13/2017 19:12,54585,PENDING,South America,Lima (ciudad),Lima,,Women's Apparel,Golf,24,50.0,5,50.0,42.5,207.5,Standard Class,250.0,72.62999725,207.5
1,Shipping on time,4.0,4.0,4/20/2017 18:47,4/24/2017 18:47,57598,PENDING,Caribbean,Holguín,Holguín,,Women's Apparel,Golf,24,50.0,5,50.0,50.0,200.0,Standard Class,250.0,-140.0,200.0
1,Late delivery,5.0,4.0,3/3/2017 6:14,3/8/2017 6:14,54274,PENDING,Central America,Veracruz,Orizaba,,Women's Apparel,Golf,24,50.0,5,50.0,50.0,200.0,Standard Class,250.0,-32.59999847,200.0
1,Shipping on time,4.0,4.0,6/4/2017 16:06,6/8/2017 16:06,60673,PENDING,Central America,Managua,Managua,,Shop By Sport,Golf,29,39.99000168,5,39.99000168,49.99000168,149.9600067,Standard Class,199.9499969,68.98000336,149.9600067
1,Advance shipping,3.0,4.0,5/16/2017 21:33,5/19/2017 21:33,59387,PENDING,Central America,Tabasco,Villahermosa,,Women's Apparel,Golf,24,50.0,5,50.0,62.5,187.5,Standard Class,250.0,-11.81000042,187.5
1,Late delivery,6.0,4.0,2/7/2017 9:47,2/13/2017 9:47,52640,PENDING,South America,Buenos Aires,Buenos Aires,,Women's Apparel,Golf,24,50.0,5,50.0,62.5,187.5,Standard Class,250.0,52.5,187.5
1,Advance shipping,3.0,4.0,5/27/2015 1:32,5/30/2015 1:32,10007,PENDING,South America,Ceará,Quixadá,,Women's Apparel,Golf,24,50.0,5,50.0,62.5,187.5,Standard Class,250.0,91.87999725,187.5
1,Late delivery,5.0,4.0,3/28/2017 5:20,4/2/2017 5:20,55984,PENDING,Central America,San Salvador,Mejicanos,,Electronics,Outdoors,37,47.99000168,5,47.99000168,2.400000095,237.5500031,Standard Class,239.9499969,29.69000053,237.5500031
1,Shipping on time,4.0,4.0,2/5/2017 1:01,2/9/2017 1:01,52478,PENDING,Central America,Nayarit,Tepic,,Electronics,Outdoors,37,31.98999977,5,31.98999977,6.400000095,153.5500031,Standard Class,159.9499969,73.69999695,153.5500031
1,Late delivery,6.0,4.0,5/2/2017 3:00,5/8/2017 3:00,58375,PENDING,Central America,Guatemala,Mixco,,Kids' Golf Clubs,Outdoors,38,89.98999786,5,89.98999786,53.99000168,395.9599915,Standard Class,449.9500122,-79.19000244,395.9599915
1,Shipping on time,4.0,4.0,4/3/2017 23:53,4/7/2017 23:53,56448,PENDING,Caribbean,Isla de la Juventud,Nueva Gerona,,Hunting & Shooting,Fan Shop,44,29.98999977,5,29.98999977,25.48999977,124.4599991,Standard Class,149.9499969,34.84999847,124.4599991
1,Advance shipping,2.0,4.0,4/30/2015 23:49,5/2/2015 23:49,8221,PROCESSING,South America,Buenos Aires,Buenos Aires,,Baseball & Softball,Fitness,3,59.99000168,5,59.99000168,15.0,284.9500122,Standard Class,299.9500122,74.08999634,284.9500122
1,Late delivery,5.0,4.0,4/27/2017 3:32,5/2/2017 3:32,58034,PROCESSING,Central America,Chimaltenango,Chimaltenango,,Cardio Equipment,Footwear,9,99.98999786,5,99.98999786,24.835652308644267,499.9500122,Standard Class,499.9500122,149.9900055,499.9500122
1,Shipping on time,4.0,4.0,2/2/2015 3:27,2/6/2015 3:27,2203,PROCESSING,Central America,Guatemala,Villa Nueva,,Cardio Equipment,Footwear,9,99.98999786,5,99.98999786,5.0,494.9500122,Standard Class,499.9500122,-18.80999947,494.9500122
1,Late delivery,5.0,4.0,2/13/2017 16:05,2/18/2017 16:05,53069,PROCESSING,South America,Pichincha,Quito,,Cardio Equipment,Footwear,9,99.98999786,5,99.98999786,15.0,484.9500122,Standard Class,499.9500122,140.6399994,484.9500122
1,Advance shipping,2.0,4.0,5/27/2017 23:28,5/29/2017 23:28,60146,PROCESSING,Central America,Managua,Managua,,Cardio Equipment,Footwear,9,99.98999786,5,99.98999786,20.0,479.9500122,Standard Class,499.9500122,36.0,479.9500122
1,Late delivery,5.0,4.0,3/19/2017 19:53,3/24/2017 19:53,55409,PROCESSING,South America,Guárico,Valle de La Pascua,,Cardio Equipment,Footwear,9,99.98999786,5,99.98999786,20.0,479.9500122,Standard Class,499.9500122,179.9799957,479.9500122
1,Shipping on time,4.0,4.0,5/7/2015 15:56,5/11/2015 15:56,8678,PROCESSING,Central America,Panamá,San Miguelito,,Cardio Equipment,Footwear,9,99.98999786,5,99.98999786,25.0,474.9500122,Standard Class,499.9500122,-783.6699829,474.9500122
1,Late delivery,6.0,4.0,4/27/2015 11:23,5/3/2015 11:23,7980,PROCESSING,Central America,Panamá,San Miguelito,,Cardio Equipment,Footwear,9,99.98999786,5,99.98999786,25.0,474.9500122,Standard Class,499.9500122,199.4799957,474.9500122
1,Late delivery,6.0,4.0,4/14/2017 18:06,4/20/2017 18:06,57185,PROCESSING,Central America,Guatemala,Petapa,,Cardio Equipment,Footwear,9,99.98999786,5,99.98999786,50.0,449.9599915,Standard Class,499.9500122,-269.9700012,449.9599915
1,Advance shipping,2.0,4.0,5/7/2015 1:13,5/9/2015 1:13,8636,PROCESSING,South America,São Paulo,Cotia,,Cardio Equipment,Footwear,9,99.98999786,5,99.98999786,50.0,449.9599915,Standard Class,499.9500122,-22.5,449.9599915
1,Advance shipping,3.0,4.0,6/12/2017 5:55,6/15/2017 5:55,61192,PROCESSING,South America,Marañón,Itapecuru Mirim,,Boxing & MMA,Footwear,12,89.98999786,5,89.98999786,112.4899979,337.4599915,Standard Class,449.9500122,59.06000137,337.4599915
1,Advance shipping,2.0,4.0,3/26/2017 15:30,3/28/2017 15:30,55876,PROCESSING,Central America,León,León,,Cleats,Apparel,17,59.99000168,5,59.99000168,24.835652308644267,299.9500122,Standard Class,299.9500122,140.9799957,299.9500122
1,Advance shipping,2.0,4.0,2/17/2017 11:52,2/19/2017 11:52,53331,PROCESSING,Central America,Distrito Federal,Tlalpan,,Cleats,Apparel,17,59.99000168,5,59.99000168,3.0,296.9500122,Standard Class,299.9500122,81.66000366,296.9500122
1,Late delivery,6.0,4.0,1/25/2017 1:13,1/31/2017 1:13,51725,PROCESSING,Central America,San Salvador,Apopa,,Cleats,Apparel,17,59.99000168,5,59.99000168,3.0,296.9500122,Standard Class,299.9500122,18.40999985,296.9500122
1,Advance shipping,3.0,4.0,2/6/2017 6:27,2/9/2017 6:27,52562,PROCESSING,South America,Río Negro,Cipolletti,,Cleats,Apparel,17,59.99000168,5,59.99000168,6.0,293.9500122,Standard Class,299.9500122,33.22000122,293.9500122
1,Late delivery,5.0,4.0,5/22/2017 6:08,5/27/2017 6:08,59754,PROCESSING,Central America,San Salvador,Mejicanos,,Cleats,Apparel,17,59.99000168,5,59.99000168,9.0,290.9500122,Standard Class,299.9500122,25.30999947,290.9500122
1,Late delivery,5.0,4.0,2/21/2017 1:00,2/26/2017 1:00,53574,PROCESSING,Central America,Atlántida,La Ceiba,,Cleats,Apparel,17,59.99000168,5,59.99000168,12.0,287.9500122,Standard Class,299.9500122,-239.8600006,287.9500122
1,Late delivery,5.0,4.0,1/6/2015 19:26,1/11/2015 19:26,399,PROCESSING,Central America,Veracruz,Córdoba,,Cleats,Apparel,17,59.99000168,5,59.99000168,16.5,283.4500122,Standard Class,299.9500122,-155.8999939,283.4500122
1,Late delivery,6.0,2.0,1/15/2017 4:44,1/21/2017 4:44,51050,ON_HOLD,Central Africa,Bié,Kuito,,Cardio Equipment,Footwear,9,99.98999786,1,99.98999786,13.0,86.98999786,Second Class,99.98999786,40.02000046,86.98999786
1,Late delivery,6.0,2.0,10/28/2016 19:23,11/3/2016 19:23,45680,ON_HOLD,North Africa,Jartum,Jartum,,Men's Footwear,Apparel,18,129.9900055,1,129.9900055,2.599999905,127.3899994,Second Class,129.9900055,44.59000015,127.3899994
1,Late delivery,3.0,2.0,9/19/2016 13:39,9/22/2016 13:39,42992,ON_HOLD,East Africa,Gobolka Woqooyi Galbeed,Hargeysa,,Men's Footwear,Apparel,18,129.9900055,1,129.9900055,11.69999981,118.2900009,Second Class,129.9900055,57.95999908,118.2900009
1,Late delivery,5.0,2.0,8/25/2016 22:16,8/30/2016 22:16,41304,ON_HOLD,North Africa,Garb-Chrarda-Beni Hsen,Kenitra,,Men's Footwear,Apparel,18,129.9900055,1,129.9900055,13.0,116.9899979,Second Class,129.9900055,30.42000008,116.9899979
1,Late delivery,6.0,2.0,10/28/2016 19:23,11/3/2016 19:23,45680,ON_HOLD,North Africa,Jartum,Jartum,,Cleats,Apparel,17,59.99000168,1,59.99000168,10.80000019,49.18999863,Second Class,59.99000168,24.60000038,49.18999863
1,Late delivery,4.0,2.0,10/7/2016 23:26,10/11/2016 23:26,44253,ON_HOLD,West Africa,Lagunes,Abidjan,,Men's Footwear,Apparel,18,129.9900055,1,129.9900055,26.0,103.9899979,Second Class,129.9900055,48.88000107,103.9899979
1,Late delivery,4.0,2.0,11/3/2016 21:49,11/7/2016 21:49,46098,ON_HOLD,North Africa,Ash Sharqiyah,Abu Kabir,,Camping & Hiking,Fan Shop,43,299.980011,1,299.980011,3.0,296.980011,Second Class,299.980011,29.15803281379571,296.980011
1,Late delivery,5.0,2.0,8/25/2016 22:16,8/30/2016 22:16,41304,ON_HOLD,North Africa,Garb-Chrarda-Beni Hsen,Kenitra,,Camping & Hiking,Fan Shop,43,299.980011,1,299.980011,6.0,293.980011,Second Class,299.980011,95.54000092,293.980011
1,Late delivery,3.0,2.0,11/3/2017 13:05,11/6/2017 13:05,71077,COMPLETE,Southern Europe,Umbría,Perugia,,Consumer Electronics,Technology,65,252.8800049,1,252.8800049,24.835652308644267,252.8800049,Second Class,252.8800049,-50.58000183,252.8800049
1,Late delivery,4.0,2.0,10/14/2017 11:42,10/18/2017 11:42,69703,COMPLETE,Western Europe,Bavaria,Nuremberg,,Cameras ,Technology,62,452.0400085,1,452.0400085,4.519999981,447.519989,Second Class,452.0400085,120.8300018,447.519989
1,Late delivery,3.0,2.0,11/4/2017 1:21,11/7/2017 1:21,71112,COMPLETE,Western Europe,Alsacia-Champaña-Ardenas-Lorena,Reims,,Consumer Electronics,Technology,65,252.8800049,1,252.8800049,2.529999971,250.3500061,Second Class,252.8800049,25.04000092,250.3500061
1,Late delivery,6.0,2.0,10/16/2017 1:12,10/22/2017 1:12,69810,COMPLETE,Western Europe,Sajonia-Anhalt,Halle,,Cameras ,Technology,62,452.0400085,1,452.0400085,9.039999962,443.0,Second Class,452.0400085,212.6399994,443.0
1,Late delivery,3.0,2.0,11/3/2017 18:20,11/6/2017 18:20,71092,COMPLETE,Western Europe,Bremen,Bremerhaven,,Consumer Electronics,Technology,65,252.8800049,1,252.8800049,7.590000153,245.2899933,Second Class,252.8800049,68.68000031,245.2899933
1,Late delivery,6.0,2.0,10/13/2017 3:08,10/19/2017 3:08,69610,COMPLETE,Southern Europe,Campania,Portici,,Cameras ,Technology,62,452.0400085,1,452.0400085,18.07999992,433.9599915,Second Class,452.0400085,135.8300018,433.9599915
1,Late delivery,6.0,2.0,11/2/2017 10:06,11/8/2017 10:06,71000,COMPLETE,Western Europe,Renania del Norte-Westfalia,Bielefeld,,Consumer Electronics,Technology,65,252.8800049,1,252.8800049,12.64000034,240.2400055,Second Class,252.8800049,78.08000183,240.2400055
1,Late delivery,5.0,2.0,10/29/2017 12:55,11/3/2017 12:55,70734,COMPLETE,Northern Europe,Inglaterra,London,,Computers,Technology,64,1500.0,1,1500.0,82.5,1417.5,Second Class,1500.0,595.3499756,1417.5
1,Shipping on time,2.0,2.0,10/13/2017 8:44,10/15/2017 8:44,69626,COMPLETE,Western Europe,Isla de Francia,Drancy,,Cameras ,Technology,62,452.0400085,1,452.0400085,24.86000061,427.1799927,Second Class,452.0400085,21.36000061,427.1799927
1,Late delivery,3.0,2.0,10/11/2017 6:17,10/14/2017 6:17,69482,COMPLETE,Western Europe,Renania del Norte-Westfalia,Duisburg,,Cameras ,Technology,62,452.0400085,1,452.0400085,24.86000061,427.1799927,Second Class,452.0400085,213.5899963,427.1799927
1,Late delivery,5.0,2.0,10/30/2017 1:10,11/4/2017 1:10,70769,COMPLETE,Northern Europe,Inglaterra,Bradford,,Computers,Technology,64,1500.0,1,1500.0,105.0,1395.0,Second Class,1500.0,55.79999924,1395.0
1,Late delivery,4.0,2.0,10/13/2017 14:41,10/17/2017 14:41,69643,COMPLETE,Southern Europe,Sicilia,Agrigento,,Cameras ,Technology,62,452.0400085,1,452.0400085,31.63999939,420.3999939,Second Class,452.0400085,126.1200027,420.3999939
1,Shipping on time,2.0,2.0,11/3/2017 3:58,11/5/2017 3:58,71051,COMPLETE,Northern Europe,Inglaterra,Oldham,,Consumer Electronics,Technology,65,252.8800049,1,252.8800049,22.76000023,230.1199951,Second Class,252.8800049,6.900000095,230.1199951
1,Late delivery,4.0,2.0,10/10/2017 4:21,10/14/2017 4:21,69408,COMPLETE,Southern Europe,Sicilia,Palermo,,Cameras ,Technology,62,452.0400085,1,452.0400085,40.68000031,411.3599854,Second Class,452.0400085,-277.6700134,411.3599854
1,Late delivery,4.0,2.0,11/4/2017 5:12,11/8/2017 5:12,71123,COMPLETE,Southern Europe,Madrid,Madrid,,Consumer Electronics,Technology,65,252.8800049,1,252.8800049,22.76000023,230.1199951,Second Class,252.8800049,105.8600006,230.1199951
1,Late delivery,5.0,2.0,10/26/2017 14:51,10/31/2017 14:51,70534,COMPLETE,Western Europe,Alsacia-Champaña-Ardenas-Lorena,Nancy,,Computers,Technology,64,1500.0,1,1500.0,135.0,1365.0,Second Class,1500.0,86.0,1365.0
1,Shipping on time,2.0,2.0,10/13/2017 13:59,10/15/2017 13:59,69641,COMPLETE,Southern Europe,Cataluña,Girona,,Cameras ,Technology,62,452.0400085,1,452.0400085,45.20000076,406.8399963,Second Class,452.0400085,195.2799988,406.8399963
1,Late delivery,6.0,2.0,11/1/2017 20:05,11/7/2017 20:05,70960,COMPLETE,Western Europe,Norte-Paso de Calais-Picardía,Laon,,Consumer Electronics,Technology,65,252.8800049,1,252.8800049,25.29000092,227.5899963,Second Class,252.8800049,22.76000023,227.5899963
1,Late delivery,4.0,2.0,10/17/2017 11:32,10/21/2017 11:32,69908,COMPLETE,Northern Europe,Inglaterra,Hartlepool,,Cameras ,Technology,62,452.0400085,1,452.0400085,67.80999756,384.230011,Second Class,452.0400085,180.5899963,384.230011
1,Late delivery,3.0,2.0,11/1/2017 19:02,11/4/2017 19:02,70957,COMPLETE,Western Europe,Isla de Francia,Pontault-Combault,,Consumer Electronics,Technology,65,252.8800049,1,252.8800049,37.93000031,214.9499969,Second Class,252.8800049,101.0299988,214.9499969
1,Late delivery,3.0,2.0,10/13/2017 12:35,10/16/2017 12:35,69637,COMPLETE,Western Europe,Aquitania-Lemosín-Poitou-Charentes,La Rochelle,,Cameras ,Technology,62,452.0400085,1,452.0400085,72.33000183,379.7099915,Second Class,452.0400085,118.8499985,379.7099915
1,Late delivery,6.0,2.0,11/1/2017 18:20,11/7/2017 18:20,70955,COMPLETE,Northern Europe,Escocia,Edinburgh,,Consumer Electronics,Technology,65,252.8800049,1,252.8800049,42.99000168,209.8899994,Second Class,252.8800049,60.86999893,209.8899994
1,Late delivery,5.0,2.0,11/1/2017 5:44,11/6/2017 5:44,70919,COMPLETE,Southern Europe,Campania,Acerra,,Consumer Electronics,Technology,65,252.8800049,1,252.8800049,42.99000168,209.8899994,Second Class,252.8800049,73.45999908,209.8899994
1,Late delivery,5.0,2.0,11/2/2017 13:15,11/7/2017 13:15,71009,COMPLETE,Western Europe,Baja Sajonia,Hanover,,Consumer Electronics,Technology,65,252.8800049,1,252.8800049,42.99000168,209.8899994,Second Class,252.8800049,39.88000107,209.8899994
1,Late delivery,4.0,2.0,10/13/2017 18:11,10/17/2017 18:11,69653,COMPLETE,Northern Europe,Inglaterra,Manchester,,Cameras ,Technology,62,452.0400085,1,452.0400085,81.37000275,370.6700134,Second Class,452.0400085,177.9199982,370.6700134
1,Late delivery,3.0,2.0,10/11/2017 22:03,10/14/2017 22:03,69527,COMPLETE,Southern Europe,Sicilia,Messina,,Cameras ,Technology,62,452.0400085,1,452.0400085,81.37000275,370.6700134,Second Class,452.0400085,129.7400055,370.6700134
1,Late delivery,6.0,2.0,11/3/2017 14:08,11/9/2017 14:08,71080,COMPLETE,Western Europe,Baja Sajonia,Wilhelmshaven,,Consumer Electronics,Technology,65,252.8800049,1,252.8800049,45.52000046,207.3600006,Second Class,252.8800049,62.20999908,207.3600006
1,Late delivery,5.0,2.0,10/26/2017 18:21,10/31/2017 18:21,70544,COMPLETE,Northern Europe,Inglaterra,Letchworth,,Computers,Technology,64,1500.0,1,1500.0,300.0,1200.0,Second Class,1500.0,90.0,1200.0
1,Shipping on time,2.0,2.0,10/11/2017 2:26,10/13/2017 2:26,69471,COMPLETE,Northern Europe,Escocia,Kilwinning,,Cameras ,Technology,62,452.0400085,1,452.0400085,113.0100021,339.0299988,Second Class,452.0400085,118.6600037,339.0299988
1,Late delivery,5.0,2.0,10/2/2017 11:01,10/7/2017 11:01,68879,COMPLETE,Western Europe,Isla de Francia,Villeneuve-le-Roi,,Basketball,Fitness,4,999.9899902,1,999.9899902,10.0,989.9899902,Second Class,999.9899902,415.7999878,989.9899902
1,Late delivery,5.0,2.0,9/8/2017 3:42,9/13/2017 3:42,67214,COMPLETE,Southern Europe,País Vasco,Barakaldo,,Soccer,Fitness,2,79.98999786,1,79.98999786,1.600000024,78.38999939,Second Class,79.98999786,8.619999886,78.38999939
1,Late delivery,6.0,2.0,9/17/2015 23:17,9/23/2015 23:17,17810,COMPLETE,Northern Europe,Estocolmo,Estocolmo,,Baseball & Softball,Fitness,3,59.99000168,1,59.99000168,7.800000191,52.18999863,Second Class,59.99000168,16.34000015,52.18999863
1,Late delivery,4.0,2.0,10/2/2015 7:40,10/6/2015 7:40,18793,COMPLETE,Northern Europe,Inglaterra,Aylesbury,,Electronics,Footwear,13,44.99000168,1,44.99000168,1.799999952,43.18999863,Second Class,44.99000168,12.52999973,43.18999863
1,Late delivery,5.0,2.0,8/8/2017 10:13,8/13/2017 10:13,65109,COMPLETE,Western Europe,Baja Sajonia,Langenhagen,,Cardio Equipment,Footwear,9,99.98999786,1,99.98999786,4.0,95.98999786,Second Class,99.98999786,25.92000008,95.98999786
1,Late delivery,4.0,2.0,8/17/2015 18:35,8/21/2015 18:35,15673,COMPLETE,Northern Europe,Inglaterra,Birmingham,,Cardio Equipment,Footwear,9,99.98999786,1,99.98999786,5.0,94.98999786,Second Class,99.98999786,-13.57999992,94.98999786
1,Late delivery,4.0,2.0,9/23/2015 9:57,9/27/2015 9:57,18183,COMPLETE,Western Europe,Holanda Septentrional,Amsterdam,,Electronics,Footwear,13,44.99000168,1,44.99000168,3.150000095,41.84000015,Second Class,44.99000168,10.03999996,41.84000015
1,Late delivery,5.0,2.0,10/23/2015 8:31,10/28/2015 8:31,20234,COMPLETE,Western Europe,Viena,Viena,,Cardio Equipment,Footwear,9,99.98999786,1,99.98999786,10.0,89.98999786,Second Class,99.98999786,10.80000019,89.98999786
1,Late delivery,5.0,2.0,7/11/2015 18:49,7/16/2015 18:49,13139,COMPLETE,Western Europe,Viena,Viena,,Cardio Equipment,Footwear,9,99.98999786,1,99.98999786,12.0,87.98999786,Second Class,99.98999786,16.71999931,87.98999786
1,Shipping canceled,5.0,4.0,5/8/2016 17:42,5/13/2016 17:42,33824,SUSPECTED_FRAUD,US Center ,Texas,Houston,77041.0,Electronics,Footwear,13,44.99000168,3,44.99000168,6.75,128.2200012,Standard Class,134.9700012,28.85000038,128.2200012
1,Shipping canceled,5.0,4.0,4/2/2016 19:51,4/7/2016 19:51,31364,SUSPECTED_FRAUD,West of USA ,Arizona,Gilbert,85234.0,Cardio Equipment,Footwear,9,99.98999786,3,99.98999786,21.0,278.9700012,Standard Class,299.9700012,133.9100037,278.9700012
1,Shipping canceled,6.0,4.0,8/14/2016 2:51,8/20/2016 2:51,40495,SUSPECTED_FRAUD,West of USA ,California,San Jose,95123.0,Cardio Equipment,Footwear,9,99.98999786,3,99.98999786,27.0,272.9700012,Standard Class,299.9700012,79.16000366,272.9700012
1,Shipping canceled,5.0,4.0,4/2/2016 19:51,4/7/2016 19:51,31364,SUSPECTED_FRAUD,West of USA ,Arizona,Gilbert,85234.0,Cardio Equipment,Footwear,9,99.98999786,3,99.98999786,27.0,272.9700012,Standard Class,299.9700012,19.11000061,272.9700012
1,Shipping canceled,2.0,4.0,5/18/2016 16:38,5/20/2016 16:38,34506,SUSPECTED_FRAUD,West of USA ,California,Fresno,93727.0,Cleats,Apparel,17,59.99000168,3,59.99000168,9.0,170.9700012,Standard Class,179.9700012,10.77000046,170.9700012
1,Shipping canceled,3.0,4.0,5/5/2016 13:40,5/8/2016 13:40,33607,SUSPECTED_FRAUD,West of USA ,Arizona,Peoria,85345.0,Cleats,Apparel,17,59.99000168,3,59.99000168,12.60000038,167.3699951,Standard Class,179.9700012,-284.5299988,167.3699951
1,Shipping canceled,3.0,4.0,4/21/2016 2:50,4/24/2016 2:50,32617,SUSPECTED_FRAUD,East of USA,Ohio,Cincinnati,45231.0,Cleats,Apparel,17,59.99000168,3,59.99000168,21.60000038,158.3699951,Standard Class,179.9700012,69.68000031,158.3699951
1,Shipping canceled,2.0,4.0,7/1/2016 8:10,7/3/2016 8:10,37496,SUSPECTED_FRAUD,US Center ,Indiana,Columbus,47201.0,Shop By Sport,Golf,29,39.99000168,3,39.99000168,1.200000048,118.7699966,Standard Class,119.9700012,7.480000019,118.7699966
1,Shipping canceled,3.0,4.0,4/21/2016 2:50,4/24/2016 2:50,32617,SUSPECTED_FRAUD,East of USA,Ohio,Cincinnati,45231.0,Girls' Apparel,Golf,26,25.0,3,25.0,1.5,73.5,Standard Class,75.0,11.02999973,73.5
1,Shipping canceled,6.0,4.0,12/17/2016 8:48,12/23/2016 8:48,49075,SUSPECTED_FRAUD,Canada,Ontario,Ottawa,,Women's Apparel,Golf,24,50.0,3,50.0,18.0,132.0,Standard Class,150.0,-24.8199997,132.0
1,Shipping canceled,5.0,4.0,5/8/2016 17:42,5/13/2016 17:42,33824,SUSPECTED_FRAUD,US Center ,Texas,Houston,77041.0,Women's Apparel,Golf,24,50.0,3,50.0,18.0,132.0,Standard Class,150.0,33.0,132.0
1,Shipping canceled,6.0,4.0,12/17/2016 8:48,12/23/2016 8:48,49075,SUSPECTED_FRAUD,Canada,Ontario,Ottawa,,Women's Apparel,Golf,24,50.0,3,50.0,19.5,130.5,Standard Class,150.0,36.54000092,130.5
1,Shipping canceled,4.0,4.0,8/30/2016 14:02,9/3/2016 14:02,41623,SUSPECTED_FRAUD,Canada,Ontario,Kitchener,,Shop By Sport,Golf,29,39.99000168,3,39.99000168,20.38999939,99.58000183,Standard Class,119.9700012,-76.37000275,99.58000183
1,Shipping canceled,2.0,4.0,7/27/2016 6:01,7/29/2016 6:01,39271,SUSPECTED_FRAUD,East of USA,Pensilvania,Philadelphia,19134.0,Shop By Sport,Golf,29,39.99000168,3,39.99000168,20.38999939,99.58000183,Standard Class,119.9700012,8.760000229,99.58000183
1,Shipping canceled,4.0,4.0,7/17/2016 10:14,7/21/2016 10:14,38598,SUSPECTED_FRAUD,US Center ,Illinois,Des Plaines,60016.0,Accessories,Outdoors,40,24.98999977,3,24.98999977,0.75,74.22000122,Standard Class,74.97000122,36.36999893,74.22000122
1,Shipping canceled,6.0,4.0,7/6/2016 10:26,7/12/2016 10:26,37845,SUSPECTED_FRAUD,US Center ,Illinois,Elmhurst,60126.0,Trade-In,Outdoors,41,15.98999977,3,15.98999977,7.679999828,40.29000092,Standard Class,47.97000122,18.12999916,40.29000092
1,Shipping canceled,2.0,4.0,9/9/2016 22:05,9/11/2016 22:05,42331,CANCELED,East Africa,Analamanga,Antananarivo,,Cleats,Apparel,17,59.99000168,4,59.99000168,12.0,227.9600067,Standard Class,239.9600067,-12.98999977,227.9600067
1,Shipping canceled,6.0,4.0,8/26/2016 12:38,9/1/2016 12:38,41345,CANCELED,North Africa,Alger,Algiers,,Cleats,Apparel,17,59.99000168,4,59.99000168,35.99000168,203.9700012,Standard Class,239.9600067,74.04000092,203.9700012
1,Shipping canceled,4.0,4.0,1/16/2017 22:04,1/20/2017 22:04,51168,CANCELED,West Africa,Montserrado,Monrovia,,Women's Apparel,Golf,24,50.0,4,50.0,24.835652308644267,200.0,Standard Class,200.0,90.0,200.0
1,Shipping canceled,4.0,4.0,1/16/2017 22:04,1/20/2017 22:04,51168,CANCELED,West Africa,Montserrado,Monrovia,,Shop By Sport,Golf,29,39.99000168,4,39.99000168,3.200000048,156.7599945,Standard Class,159.9600067,-2.190000057,156.7599945
1,Shipping canceled,5.0,4.0,9/28/2016 10:19,10/3/2016 10:19,43599,CANCELED,North Africa,Jartum,Jartum,,Women's Apparel,Golf,24,50.0,4,50.0,11.0,189.0,Standard Class,200.0,85.05000305,189.0
1,Shipping canceled,2.0,4.0,9/3/2016 15:26,9/5/2016 15:26,41901,CANCELED,West Africa,Fromager,Gagnoa,,Accessories,Outdoors,40,24.98999977,4,24.98999977,19.98999977,79.97000122,Standard Class,99.95999908,3.039999962,79.97000122
1,Advance shipping,2.0,4.0,9/16/2016 1:13,9/18/2016 1:13,42751,PENDING,East Africa,Meridional,Livingstone,,Cardio Equipment,Footwear,9,99.98999786,4,99.98999786,36.0,363.9599915,Standard Class,399.9599915,-266.7900085,363.9599915
1,Shipping on time,4.0,4.0,10/20/2016 3:59,10/24/2016 3:59,45088,PENDING,North Africa,Fez-Bulmán,Fes,,Cleats,Apparel,17,59.99000168,4,59.99000168,24.835652308644267,239.9600067,Standard Class,239.9600067,64.79000092,239.9600067
1,Late delivery,5.0,4.0,1/7/2017 0:11,1/12/2017 0:11,50489,PENDING,North Africa,El Cairo,Cairo,,Cleats,Apparel,17,59.99000168,4,59.99000168,9.600000381,230.3600006,Standard Class,239.9600067,83.62000275,230.3600006
1,Late delivery,5.0,4.0,10/10/2016 6:06,10/15/2016 6:06,44409,PENDING,West Africa,Dakar,Dakar,,Cleats,Apparel,17,59.99000168,4,59.99000168,12.0,227.9600067,Standard Class,239.9600067,74.08999634,227.9600067
1,Advance shipping,2.0,4.0,9/6/2016 13:30,9/8/2016 13:30,42101,PENDING,North Africa,Al Bahr al Ahmar,Hurghada,,Cleats,Apparel,17,59.99000168,4,59.99000168,13.19999981,226.7599945,Standard Class,239.9600067,92.97000122,226.7599945
1,Late delivery,5.0,4.0,1/6/2017 1:25,1/11/2017 1:25,50424,PENDING,North Africa,Garb-Chrarda-Beni Hsen,Kenitra,,Cleats,Apparel,17,59.99000168,4,59.99000168,31.19000053,208.7700043,Standard Class,239.9600067,70.55999756,208.7700043
1,Late delivery,6.0,4.0,12/28/2016 7:33,1/3/2017 7:33,49825,PENDING,West Africa,Lagunes,Abidjan,,Women's Apparel,Golf,24,50.0,4,50.0,24.835652308644267,200.0,Standard Class,200.0,96.0,200.0
1,Late delivery,5.0,4.0,8/25/2016 18:46,8/30/2016 18:46,41294,PENDING,North Africa,Al Bahr al Ahmar,Hurghada,,Women's Apparel,Golf,24,50.0,4,50.0,2.0,198.0,Standard Class,200.0,-145.1300049,198.0
1,Shipping on time,4.0,4.0,9/5/2016 10:10,9/9/2016 10:10,42023,PENDING,West Africa,Niamey,Niamey,,Shop By Sport,Golf,29,39.99000168,4,39.99000168,4.800000191,155.1600037,Standard Class,159.9600067,45.0,155.1600037
1,Late delivery,5.0,4.0,11/28/2016 9:00,12/3/2016 9:00,47774,PENDING,North Africa,Rabat-Salé-Zemur-Zaer,Sale,,Shop By Sport,Golf,29,39.99000168,4,39.99000168,8.800000191,151.1600037,Standard Class,159.9600067,51.09000015,151.1600037
1,Advance shipping,3.0,4.0,9/2/2016 13:30,9/5/2016 13:30,41827,PENDING,Southern Africa,Gauteng,Pretoria,,Girls' Apparel,Golf,26,30.0,4,30.0,8.399999619,111.5999985,Standard Class,120.0,31.25,111.5999985
1,Shipping on time,4.0,4.0,11/19/2016 21:27,11/23/2016 21:27,47193,PENDING,North Africa,Marrakech-Tensift-Al Hauz,Marrakech,,Women's Apparel,Golf,24,50.0,4,50.0,30.0,170.0,Standard Class,200.0,-459.0,170.0
1,Advance shipping,2.0,4.0,9/14/2016 5:26,9/16/2016 5:26,42626,PENDING,North Africa,Mar Rojo,Bur Sudan,,Women's Apparel,Golf,24,50.0,4,50.0,40.0,160.0,Standard Class,200.0,-248.0,160.0
1,Late delivery,5.0,4.0,11/5/2016 9:13,11/10/2016 9:13,46199,PENDING,West Africa,Lagos,Lagos,,Women's Apparel,Golf,24,50.0,4,50.0,50.0,150.0,Standard Class,200.0,13.19999981,150.0
1,Shipping on time,4.0,4.0,12/8/2016 12:08,12/12/2016 12:08,48468,PENDING,West Africa,Lagos,Lagos,,Accessories,Outdoors,40,24.98999977,4,24.98999977,5.5,94.45999908,Standard Class,99.95999908,46.29000092,94.45999908
1,Late delivery,5.0,4.0,1/14/2017 14:22,1/19/2017 14:22,51009,PROCESSING,East Africa,Zambezia,Quelimane,,Cardio Equipment,Footwear,9,99.98999786,4,99.98999786,4.0,395.9599915,Standard Class,399.9599915,182.1399994,395.9599915
1,Late delivery,5.0,4.0,11/5/2016 19:43,11/10/2016 19:43,46229,PROCESSING,Southern Africa,Cabo Oriental,Port Elizabeth,,Cardio Equipment,Footwear,9,99.98999786,4,99.98999786,8.0,391.9599915,Standard Class,399.9599915,-261.4400024,391.9599915
1,Advance shipping,3.0,4.0,9/17/2016 23:07,9/20/2016 23:07,42882,PROCESSING,East Africa,Shinyanga,Shinyanga,,Cardio Equipment,Footwear,9,99.98999786,4,99.98999786,20.0,379.9599915,Standard Class,399.9599915,178.5800018,379.9599915
1,Advance shipping,3.0,4.0,11/14/2016 13:14,11/17/2016 13:14,46827,PROCESSING,East Africa,Jubbada Hoose,Kismaayo,,Cardio Equipment,Footwear,9,99.98999786,4,99.98999786,36.0,363.9599915,Standard Class,399.9599915,167.4199982,363.9599915
1,Late delivery,5.0,4.0,12/11/2016 15:49,12/16/2016 15:49,48684,PROCESSING,East Africa,Meridional,Butare,,Cardio Equipment,Footwear,9,99.98999786,4,99.98999786,40.0,359.9599915,Standard Class,399.9599915,-76.66999817,359.9599915
1,Late delivery,5.0,4.0,12/11/2016 15:49,12/16/2016 15:49,48684,PROCESSING,East Africa,Meridional,Butare,,Cardio Equipment,Footwear,9,99.98999786,4,99.98999786,48.0,351.9599915,Standard Class,399.9599915,165.4199982,351.9599915
1,Advance shipping,2.0,4.0,11/8/2016 13:14,11/10/2016 13:14,46416,PROCESSING,North Africa,El Cairo,Cairo,,Cardio Equipment,Footwear,9,99.98999786,4,99.98999786,48.0,351.9599915,Standard Class,399.9599915,-82.01000214,351.9599915
1,Shipping on time,4.0,4.0,11/22/2016 2:00,11/26/2016 2:00,47343,PROCESSING,Southern Africa,KwaZulu-Natal,Newcastle,,Cardio Equipment,Footwear,9,99.98999786,4,99.98999786,59.99000168,339.9700012,Standard Class,399.9599915,91.79000092,339.9700012
1,Advance shipping,2.0,4.0,8/31/2016 12:06,9/2/2016 12:06,41686,COMPLETE,West Asia,Estambul,Estambul,,Men's Footwear,Apparel,18,129.9900055,1,129.9900055,5.199999809,124.7900009,Standard Class,129.9900055,40.56000137,124.7900009
1,Advance shipping,2.0,4.0,9/3/2016 13:41,9/5/2016 13:41,41896,COMPLETE,West Asia,Jerusalén,Jerusalén,,Men's Footwear,Apparel,18,129.9900055,1,129.9900055,5.199999809,124.7900009,Standard Class,129.9900055,41.18000031,124.7900009
1,Shipping on time,4.0,4.0,2/16/2016 4:09,2/20/2016 4:09,28168,COMPLETE,Oceania,Queensland,Gold Coast,,Cleats,Apparel,17,59.99000168,1,59.99000168,3.0,56.99000168,Standard Class,59.99000168,27.36000061,56.99000168
1,Advance shipping,3.0,4.0,12/31/2015 19:27,1/3/2016 19:27,24992,COMPLETE,Oceania,Nueva Gales del Sur,Newcastle,,Men's Footwear,Apparel,18,129.9900055,1,129.9900055,6.5,123.4899979,Standard Class,129.9900055,26.05999947,123.4899979
1,Advance shipping,2.0,4.0,3/26/2016 8:07,3/28/2016 8:07,30851,COMPLETE,Oceania,Wellington,Porirua,,Men's Footwear,Apparel,18,129.9900055,1,129.9900055,6.5,123.4899979,Standard Class,129.9900055,32.47999954,123.4899979
1,Late delivery,5.0,4.0,1/2/2016 0:11,1/7/2016 0:11,25074,COMPLETE,Oceania,Victoria,Mildura,,Men's Footwear,Apparel,18,129.9900055,1,129.9900055,6.5,123.4899979,Standard Class,129.9900055,35.81000137,123.4899979
1,Late delivery,6.0,4.0,1/27/2018 2:38,2/2/2018 2:38,76870,COMPLETE,Oceania,Queensland,Brisbane,,Women's Clothing,Apparel,76,215.8200073,1,215.8200073,10.78999996,205.0299988,Standard Class,215.8200073,102.5100021,205.0299988
1,Shipping on time,4.0,4.0,1/3/2016 7:22,1/7/2016 7:22,25163,COMPLETE,South Asia,Daca,Daca,,Men's Footwear,Apparel,18,129.9900055,1,129.9900055,6.5,123.4899979,Standard Class,129.9900055,15.43999958,123.4899979
1,Advance shipping,2.0,4.0,2/14/2016 5:54,2/16/2016 5:54,28036,COMPLETE,South Asia,Uttar Pradesh,Kanpur,,Men's Footwear,Apparel,18,129.9900055,1,129.9900055,6.5,123.4899979,Standard Class,129.9900055,4.570000172,123.4899979
1,Late delivery,5.0,4.0,11/28/2015 1:06,12/3/2015 1:06,22679,COMPLETE,Southeast Asia,Bangkok,Bangkok,,Men's Footwear,Apparel,18,129.9900055,1,129.9900055,6.5,123.4899979,Standard Class,129.9900055,61.75,123.4899979
1,Late delivery,6.0,4.0,12/11/2015 15:17,12/17/2015 15:17,23610,COMPLETE,Southeast Asia,Bangkok,Bangkok,,Men's Footwear,Apparel,18,129.9900055,1,129.9900055,6.5,123.4899979,Standard Class,129.9900055,38.65000153,123.4899979
1,Shipping on time,4.0,4.0,9/17/2016 4:12,9/21/2016 4:12,42828,COMPLETE,West Asia,Bagdad,Bagdad,,Cleats,Apparel,17,59.99000168,1,59.99000168,3.0,56.99000168,Standard Class,59.99000168,14.25,56.99000168
1,Advance shipping,2.0,4.0,9/3/2016 13:41,9/5/2016 13:41,41896,COMPLETE,West Asia,Jerusalén,Jerusalén,,Men's Footwear,Apparel,18,129.9900055,1,129.9900055,6.5,123.4899979,Standard Class,129.9900055,-6.170000076,123.4899979
1,Shipping on time,4.0,4.0,12/12/2016 1:59,12/16/2016 1:59,48713,COMPLETE,West Asia,Adana,Adana,,Men's Footwear,Apparel,18,129.9900055,1,129.9900055,6.5,123.4899979,Standard Class,129.9900055,20.12999916,123.4899979
1,Shipping on time,4.0,4.0,10/28/2016 15:11,11/1/2016 15:11,45668,COMPLETE,West Asia,Riad,Riyadh,,Men's Footwear,Apparel,18,129.9900055,1,129.9900055,6.5,123.4899979,Standard Class,129.9900055,54.34000015,123.4899979
1,Advance shipping,2.0,4.0,12/27/2017 20:01,12/29/2017 20:01,74796,COMPLETE,Eastern Asia,Guangdong,Shenzhen,,Crafts,Apparel,66,461.480011,1,461.480011,25.37999916,436.1000061,Standard Class,461.480011,43.61000061,436.1000061
1,Shipping on time,4.0,4.0,2/12/2016 12:34,2/16/2016 12:34,27918,COMPLETE,Eastern Asia,Tianjin,Tianjin,,Men's Footwear,Apparel,18,129.9900055,1,129.9900055,7.150000095,122.8399963,Standard Class,129.9900055,42.99000168,122.8399963
1,Advance shipping,3.0,4.0,3/15/2016 7:58,3/18/2016 7:58,30097,COMPLETE,Oceania,Australia Occidental,Perth,,Cleats,Apparel,17,59.99000168,1,59.99000168,3.299999952,56.68999863,Standard Class,59.99000168,19.84000015,56.68999863
1,Advance shipping,2.0,4.0,3/28/2016 0:25,3/30/2016 0:25,30966,COMPLETE,Oceania,Otago,Dunedin,,Men's Footwear,Apparel,18,129.9900055,1,129.9900055,7.150000095,122.8399963,Standard Class,129.9900055,54.04999924,122.8399963
1,Shipping on time,4.0,4.0,3/14/2016 20:03,3/18/2016 20:03,30063,COMPLETE,Oceania,Victoria,Melbourne,,Men's Footwear,Apparel,18,129.9900055,1,129.9900055,7.150000095,122.8399963,Standard Class,129.9900055,-184.2599945,122.8399963
1,Late delivery,5.0,4.0,11/18/2015 9:53,11/23/2015 9:53,22019,COMPLETE,South Asia,Maharashtra,Ulhasnagar,,Men's Footwear,Apparel,18,129.9900055,1,129.9900055,7.150000095,122.8399963,Standard Class,129.9900055,39.91999817,122.8399963
1,Late delivery,6.0,4.0,12/20/2015 16:29,12/26/2015 16:29,24230,COMPLETE,Southeast Asia,Capital Nacional,Manila,,Men's Footwear,Apparel,18,129.9900055,1,129.9900055,7.150000095,122.8399963,Standard Class,129.9900055,41.52000046,122.8399963
1,Shipping on time,4.0,4.0,12/12/2016 1:59,12/16/2016 1:59,48713,COMPLETE,West Asia,Adana,Adana,,Men's Footwear,Apparel,18,129.9900055,1,129.9900055,7.150000095,122.8399963,Standard Class,129.9900055,9.210000038,122.8399963
1,Shipping on time,4.0,4.0,9/10/2016 5:47,9/14/2016 5:47,42353,COMPLETE,West Asia,Mersin,Mersin,,Men's Footwear,Apparel,18,129.9900055,1,129.9900055,7.150000095,122.8399963,Standard Class,129.9900055,12.27999973,122.8399963
1,Shipping on time,4.0,4.0,10/28/2016 15:11,11/1/2016 15:11,45668,COMPLETE,West Asia,Riad,Riyadh,,Men's Footwear,Apparel,18,129.9900055,1,129.9900055,7.150000095,122.8399963,Standard Class,129.9900055,36.84999847,122.8399963
1,Late delivery,5.0,4.0,9/7/2016 1:04,9/12/2016 1:04,42134,COMPLETE,Central Asia,Karagandá,Temirtau,,Men's Footwear,Apparel,18,129.9900055,1,129.9900055,9.100000381,120.8899994,Standard Class,129.9900055,60.45000076,120.8899994
1,Advance shipping,3.0,4.0,11/11/2015 3:45,11/14/2015 3:45,21522,COMPLETE,Eastern Asia,Shandong,Tengzhou,,Men's Footwear,Apparel,18,129.9900055,1,129.9900055,9.100000381,120.8899994,Standard Class,129.9900055,-29.37999916,120.8899994
1,Advance shipping,3.0,4.0,12/13/2015 22:17,12/16/2015 22:17,23767,COMPLETE,Eastern Asia,Jiangsu,Nantong,,Men's Footwear,Apparel,18,129.9900055,1,129.9900055,9.100000381,120.8899994,Standard Class,129.9900055,15.10999966,120.8899994
1,Shipping on time,4.0,4.0,1/7/2016 5:57,1/11/2016 5:57,25433,COMPLETE,Eastern Asia,Liaoning,Dalian,,Men's Footwear,Apparel,18,129.9900055,1,129.9900055,9.100000381,120.8899994,Standard Class,129.9900055,-105.7799988,120.8899994
1,Shipping on time,4.0,4.0,12/14/2017 15:39,12/18/2017 15:39,73893,COMPLETE,Eastern Asia,Hunan,Lianyuan,,Women's Clothing,Apparel,76,215.8200073,1,215.8200073,15.10999966,200.7100067,Standard Class,215.8200073,72.86000061,200.7100067
1,Late delivery,6.0,4.0,3/15/2016 3:45,3/21/2016 3:45,30085,COMPLETE,Oceania,Queensland,Caloundra,,Cleats,Apparel,17,59.99000168,1,59.99000168,4.199999809,55.79000092,Standard Class,59.99000168,26.78000069,55.79000092
1,Advance shipping,3.0,4.0,3/16/2016 10:14,3/19/2016 10:14,30172,COMPLETE,Oceania,Victoria,Melbourne,,Men's Footwear,Apparel,18,129.9900055,1,129.9900055,9.100000381,120.8899994,Standard Class,129.9900055,31.79000092,120.8899994
1,Shipping on time,4.0,4.0,2/6/2016 2:25,2/10/2016 2:25,27478,COMPLETE,Oceania,Victoria,Bendigo,,Men's Footwear,Apparel,18,129.9900055,1,129.9900055,9.100000381,120.8899994,Standard Class,129.9900055,7.619999886,120.8899994
1,Advance shipping,2.0,4.0,1/28/2018 15:46,1/30/2018 15:46,76976,COMPLETE,Oceania,Australia del Sur,Adelaide,,Women's Clothing,Apparel,76,215.8200073,1,215.8200073,15.10999966,200.7100067,Standard Class,215.8200073,62.8199997,200.7100067
1,Shipping on time,4.0,4.0,12/18/2015 5:59,12/22/2015 5:59,24063,COMPLETE,South Asia,Rajastán,Ajmer,,Men's Footwear,Apparel,18,129.9900055,1,129.9900055,9.100000381,120.8899994,Standard Class,129.9900055,-187.3800049,120.8899994
1,Late delivery,5.0,4.0,1/17/2017 12:26,1/22/2017 12:26,51209,COMPLETE,South Asia,Kerman,Kerman,,Men's Footwear,Apparel,18,129.9900055,1,129.9900055,9.100000381,120.8899994,Standard Class,129.9900055,31.43000031,120.8899994
1,Late delivery,5.0,4.0,12/13/2017 20:44,12/18/2017 20:44,73839,COMPLETE,South Asia,Guyarat,Vadodara,,Women's Clothing,Apparel,76,215.8200073,1,215.8200073,15.10999966,200.7100067,Standard Class,215.8200073,-140.5,200.7100067
1,Shipping on time,4.0,4.0,12/26/2017 18:26,12/30/2017 18:26,74723,COMPLETE,Southeast Asia,Java Central,Semarang,,Crafts,Apparel,66,461.480011,1,461.480011,32.29999924,429.1799927,Standard Class,461.480011,37.77000046,429.1799927
1,Advance shipping,2.0,4.0,1/27/2016 12:14,1/29/2016 12:14,26821,COMPLETE,Southeast Asia,Java Occidental,Cirebon,,Men's Footwear,Apparel,18,129.9900055,1,129.9900055,9.100000381,120.8899994,Standard Class,129.9900055,-193.4299927,120.8899994
1,Advance shipping,3.0,4.0,1/30/2018 11:54,2/2/2018 11:54,77102,COMPLETE,Southeast Asia,Rangún,Rangún,,Women's Clothing,Apparel,76,215.8200073,1,215.8200073,15.10999966,200.7100067,Standard Class,215.8200073,76.26999664,200.7100067
1,Shipping on time,4.0,4.0,8/30/2016 8:47,9/3/2016 8:47,41608,COMPLETE,West Asia,Kütahya,Kütahya,,Men's Footwear,Apparel,18,129.9900055,1,129.9900055,9.100000381,120.8899994,Standard Class,129.9900055,12.09000015,120.8899994
1,Late delivery,5.0,4.0,11/17/2016 4:59,11/22/2016 4:59,47009,COMPLETE,West Asia,Bagdad,Bagdad,,Men's Footwear,Apparel,18,129.9900055,1,129.9900055,9.100000381,120.8899994,Standard Class,129.9900055,32.63999939,120.8899994
1,Advance shipping,2.0,4.0,12/29/2016 15:26,12/31/2016 15:26,49916,COMPLETE,Central Asia,Namangán,Namangán,,Men's Footwear,Apparel,18,129.9900055,1,129.9900055,11.69999981,118.2900009,Standard Class,129.9900055,24.84000015,118.2900009
1,Advance shipping,2.0,4.0,3/10/2016 4:59,3/12/2016 4:59,29746,COMPLETE,Eastern Asia,Hubei,Xinzhou,,Cleats,Apparel,17,59.99000168,1,59.99000168,5.400000095,54.59000015,Standard Class,59.99000168,6.170000076,54.59000015
1,Shipping on time,4.0,4.0,11/24/2017 19:11,11/28/2017 19:11,72533,COMPLETE,Eastern Asia,Heilongjiang,Mudanjiang,,Men's Clothing,Apparel,70,210.8500061,1,210.8500061,18.97999954,191.8699951,Standard Class,210.8500061,94.01999664,191.8699951
1,Shipping on time,4.0,4.0,12/10/2016 13:11,12/14/2016 13:11,48608,COMPLETE,West Africa,Mono,Lokossa,,Women's Apparel,Golf,24,50.0,5,50.0,25.0,225.0,Standard Class,250.0,22.5,225.0
1,Advance shipping,2.0,4.0,10/26/2016 6:25,10/28/2016 6:25,45506,COMPLETE,West Africa,Akwa Ibom,Ikot Ekpene,,Women's Apparel,Golf,24,50.0,5,50.0,30.0,220.0,Standard Class,250.0,15.39999962,220.0
1,Advance shipping,3.0,4.0,10/19/2016 6:36,10/22/2016 6:36,45027,COMPLETE,West Africa,Delta,Warri,,Shop By Sport,Golf,29,39.99000168,5,39.99000168,25.98999977,173.9600067,Standard Class,199.9499969,52.18999863,173.9600067
1,Shipping on time,4.0,4.0,11/6/2016 23:24,11/10/2016 23:24,46308,COMPLETE,Central Africa,Bandundu,Bandundu,,Shop By Sport,Golf,29,39.99000168,5,39.99000168,29.98999977,169.9600067,Standard Class,199.9499969,84.98000336,169.9600067
1,Late delivery,6.0,4.0,9/29/2016 16:27,10/5/2016 16:27,43685,COMPLETE,West Africa,Lagos,Lagos,,Women's Apparel,Golf,24,50.0,5,50.0,40.0,210.0,Standard Class,250.0,65.73000336,210.0
1,Shipping on time,4.0,4.0,9/3/2016 12:38,9/7/2016 12:38,41893,COMPLETE,Central Africa,Ouest,Foumban,,Women's Apparel,Golf,24,50.0,5,50.0,42.5,207.5,Standard Class,250.0,70.13999939,207.5
1,Late delivery,5.0,4.0,11/7/2016 10:15,11/12/2016 10:15,46339,COMPLETE,Central Africa,Luanda,Luanda,,Women's Apparel,Golf,24,50.0,5,50.0,42.5,207.5,Standard Class,250.0,56.02999878,207.5
1,Advance shipping,3.0,4.0,11/12/2016 5:10,11/15/2016 5:10,46667,COMPLETE,West Africa,Borno,Maiduguri,,Women's Apparel,Golf,24,50.0,5,50.0,42.5,207.5,Standard Class,250.0,12.86999989,207.5
1,Advance shipping,3.0,4.0,11/26/2016 12:30,11/29/2016 12:30,47647,COMPLETE,East Africa,Nairobi,Nairobi,,Women's Apparel,Golf,24,50.0,5,50.0,45.0,205.0,Standard Class,250.0,64.16999817,205.0
1,Late delivery,6.0,4.0,12/9/2016 22:07,12/15/2016 22:07,48565,COMPLETE,East Africa,Copperbelt,Kitwe,,Women's Apparel,Golf,24,50.0,5,50.0,45.0,205.0,Standard Class,250.0,100.4499969,205.0
1,Late delivery,5.0,4.0,10/2/2016 15:55,10/7/2016 15:55,43889,COMPLETE,West Africa,Lagos,Lagos,,Women's Apparel,Golf,24,50.0,5,50.0,45.0,205.0,Standard Class,250.0,71.75,205.0
1,Shipping on time,4.0,4.0,10/20/2016 21:30,10/24/2016 21:30,45138,COMPLETE,Central Africa,Littoral,Nkongsamba,,Women's Apparel,Golf,24,50.0,5,50.0,50.0,200.0,Standard Class,250.0,72.59999847,200.0
1,Late delivery,6.0,4.0,10/6/2016 14:51,10/12/2016 14:51,44160,COMPLETE,Central Africa,Kasai Oriental,Mbuji-mayi,,Shop By Sport,Golf,29,39.99000168,5,39.99000168,49.99000168,149.9600067,Standard Class,199.9499969,67.48000336,149.9600067
1,Late delivery,5.0,4.0,12/19/2016 9:30,12/24/2016 9:30,49214,COMPLETE,West Africa,Marítima,Lome,,Women's Apparel,Golf,24,50.0,5,50.0,62.5,187.5,Standard Class,250.0,21.19000053,187.5
1,Late delivery,6.0,4.0,9/2/2016 12:48,9/8/2016 12:48,41825,COMPLETE,Southern Africa,Gauteng,Pretoria,,Accessories,Outdoors,40,24.98999977,5,24.98999977,24.835652308644267,124.9499969,Standard Class,124.9499969,59.97999954,124.9499969
1,Late delivery,5.0,4.0,10/11/2016 15:22,10/16/2016 15:22,44504,COMPLETE,West Africa,Dakar,Dakar,,Accessories,Outdoors,40,24.98999977,5,24.98999977,6.25,118.6999969,Standard Class,124.9499969,35.61000061,118.6999969
1,Advance shipping,2.0,4.0,10/11/2016 12:34,10/13/2016 12:34,44496,COMPLETE,East Africa,Boeny,Mahajanga,,Accessories,Outdoors,40,24.98999977,5,24.98999977,6.869999886,118.0800018,Standard Class,124.9499969,39.90999985,118.0800018
1,Late delivery,5.0,4.0,10/27/2016 0:59,11/1/2016 0:59,45559,COMPLETE,West Africa,Marítima,Lome,,Trade-In,Outdoors,41,15.98999977,5,15.98999977,5.599999905,74.34999847,Standard Class,79.94999695,23.27000046,74.34999847
1,Late delivery,5.0,4.0,10/5/2016 8:44,10/10/2016 8:44,44074,COMPLETE,West Africa,Kano,Kano,,Trade-In,Outdoors,41,15.98999977,5,15.98999977,12.78999996,67.16000366,Standard Class,79.94999695,30.88999939,67.16000366
1,Advance shipping,3.0,4.0,12/28/2016 18:46,12/31/2016 18:46,49857,COMPLETE,North Africa,Annaba,Annaba,,Electronics,Outdoors,37,31.98999977,5,31.98999977,28.79000092,131.1600037,Standard Class,159.9499969,11.40999985,131.1600037
1,Advance shipping,2.0,4.0,9/1/2016 23:08,9/3/2016 23:08,41786,COMPLETE,North Africa,Gran Casablanca,Casablanca,,Hunting & Shooting,Fan Shop,44,29.98999977,5,29.98999977,29.98999977,119.9599991,Standard Class,149.9499969,53.97999954,119.9599991
1,Advance shipping,3.0,4.0,12/2/2016 6:54,12/5/2016 6:54,48042,ON_HOLD,West Africa,Littoral,Cotonou,,Tennis & Racquet,Fitness,6,44.99000168,5,44.99000168,38.24000168,186.7100067,Standard Class,224.9499969,82.15000153,186.7100067
1,Advance shipping,2.0,4.0,10/8/2016 16:15,10/10/2016 16:15,44301,ON_HOLD,North Africa,Jartum,Jartum,,Cardio Equipment,Footwear,9,99.98999786,5,99.98999786,25.0,474.9500122,Standard Class,499.9500122,66.48999786,474.9500122
1,Advance shipping,2.0,4.0,8/30/2016 2:49,9/1/2016 2:49,41591,ON_HOLD,East Africa,Dar es Salaam,Dar es Salaam,,Cleats,Apparel,17,59.99000168,5,59.99000168,24.835652308644267,299.9500122,Standard Class,299.9500122,80.98999786,299.9500122
1,Advance shipping,2.0,4.0,10/18/2016 14:29,10/20/2016 14:29,44981,ON_HOLD,North Africa,El Cairo,Cairo,,Shop By Sport,Golf,29,39.99000168,5,39.99000168,33.99000168,165.9600067,Standard Class,199.9499969,54.77000046,165.9600067
1,Late delivery,6.0,4.0,8/29/2016 10:42,9/4/2016 10:42,41545,ON_HOLD,Southern Africa,Cabo Occidental,Cape Town,,Women's Apparel,Golf,24,50.0,5,50.0,50.0,200.0,Standard Class,250.0,-265.0,200.0
1,Late delivery,6.0,4.0,12/29/2016 13:20,1/4/2017 13:20,49910,ON_HOLD,Southern Africa,Cabo Occidental,Cape Town,,Electronics,Outdoors,37,47.99000168,5,47.99000168,43.18999863,196.7599945,Standard Class,239.9499969,51.15999985,196.7599945
1,Late delivery,6.0,4.0,10/13/2015 22:53,10/19/2015 22:53,19590,COMPLETE,Western Europe,Languedoc-Rosellón-Mediodía-Pirineos,Montpellier,,Baseball & Softball,Fitness,3,59.99000168,5,59.99000168,15.0,284.9500122,Standard Class,299.9500122,85.48999786,284.9500122
1,Late delivery,6.0,4.0,9/29/2016 4:11,10/5/2016 4:11,43650,COMPLETE,Eastern Europe,Khmelnytskyi,Khmelnytskyi,,Fitness Accessories,Footwear,11,34.99000168,5,34.99000168,24.835652308644267,174.9499969,Standard Class,174.9499969,59.13000107,174.9499969
1,Advance shipping,3.0,4.0,8/10/2015 21:35,8/13/2015 21:35,15202,COMPLETE,Western Europe,Bretaña,Vannes,,Cardio Equipment,Footwear,9,99.98999786,5,99.98999786,5.0,494.9500122,Standard Class,499.9500122,84.13999939,494.9500122
1,Advance shipping,3.0,4.0,8/14/2015 16:40,8/17/2015 16:40,15462,COMPLETE,Southern Europe,Madrid,Fuenlabrada,,Electronics,Footwear,13,27.98999977,5,27.98999977,2.799999952,137.1499939,Standard Class,139.9499969,65.83000183,137.1499939
1,Late delivery,6.0,4.0,8/10/2015 5:07,8/16/2015 5:07,15155,COMPLETE,Western Europe,Isla de Francia,Villemomble,,Cardio Equipment,Footwear,9,99.98999786,5,99.98999786,10.0,489.9500122,Standard Class,499.9500122,43.11999893,489.9500122
1,Advance shipping,2.0,4.0,7/29/2017 19:42,7/31/2017 19:42,64451,COMPLETE,Western Europe,Languedoc-Rosellón-Mediodía-Pirineos,Montpellier,,Cardio Equipment,Footwear,9,99.98999786,5,99.98999786,15.0,484.9500122,Standard Class,499.9500122,242.4799957,484.9500122
1,Shipping on time,4.0,4.0,9/5/2017 10:32,9/9/2017 10:32,67028,COMPLETE,Western Europe,Centro-Valle de Loira,Gien,,Cardio Equipment,Footwear,9,99.98999786,5,99.98999786,15.0,484.9500122,Standard Class,499.9500122,-115.4199982,484.9500122
1,Advance shipping,2.0,4.0,6/28/2017 22:43,6/30/2017 22:43,62336,COMPLETE,Western Europe,Isla de Francia,Neuilly-sur-Seine,,Cardio Equipment,Footwear,9,99.98999786,5,99.98999786,15.0,484.9500122,Standard Class,499.9500122,109.1100006,484.9500122
1,Late delivery,5.0,4.0,6/15/2015 10:27,6/20/2015 10:27,11334,COMPLETE,Western Europe,Renania del Norte-Westfalia,Viersen,,Electronics,Footwear,13,31.98999977,5,31.98999977,4.800000191,155.1499939,Standard Class,159.9499969,52.43999863,155.1499939
1,Late delivery,6.0,4.0,7/6/2017 23:03,7/12/2017 23:03,62885,COMPLETE,Southern Europe,Véneto,Verona,,Cardio Equipment,Footwear,9,99.98999786,5,99.98999786,20.0,479.9500122,Standard Class,499.9500122,9.600000381,479.9500122
1,Shipping on time,4.0,4.0,9/5/2017 0:02,9/9/2017 0:02,66998,COMPLETE,Southern Europe,Marche,Fano,,Cardio Equipment,Footwear,9,99.98999786,5,99.98999786,20.0,479.9500122,Standard Class,499.9500122,230.3800049,479.9500122
1,Advance shipping,3.0,4.0,11/17/2016 2:32,11/20/2016 2:32,47002,COMPLETE,Eastern Europe,Pomerania,Gdynia,,Cardio Equipment,Footwear,9,99.98999786,5,99.98999786,25.0,474.9500122,Standard Class,499.9500122,41.79999924,474.9500122
1,Late delivery,6.0,4.0,7/15/2017 3:15,7/21/2017 3:15,63445,COMPLETE,Southern Europe,Castilla-La Mancha,Talavera de la Reina,,Cardio Equipment,Footwear,9,99.98999786,5,99.98999786,25.0,474.9500122,Standard Class,499.9500122,47.5,474.9500122
1,Advance shipping,2.0,4.0,9/13/2017 7:01,9/15/2017 7:01,67566,COMPLETE,Western Europe,Isla de Francia,Montreuil,,Cardio Equipment,Footwear,9,99.98999786,5,99.98999786,25.0,474.9500122,Standard Class,499.9500122,218.4799957,474.9500122
1,Late delivery,5.0,4.0,10/3/2015 15:33,10/8/2015 15:33,18884,COMPLETE,Western Europe,Provenza-Alpes-Costa Azul,Marseille,,Fitness Accessories,Footwear,11,34.99000168,5,34.99000168,8.75,166.1999969,Standard Class,174.9499969,-9.81000042,166.1999969
1,Late delivery,6.0,4.0,10/3/2015 1:53,10/9/2015 1:53,18845,COMPLETE,Southern Europe,Lisboa,Lisbon,,Fitness Accessories,Footwear,11,34.99000168,5,34.99000168,9.619999886,165.3300018,Standard Class,174.9499969,82.66000366,165.3300018
1,Late delivery,5.0,4.0,9/2/2017 21:35,9/7/2017 21:35,66854,COMPLETE,Northern Europe,Inglaterra,Wolverhampton,,As Seen on  TV!,Footwear,16,99.98999786,5,99.98999786,35.0,464.9500122,Standard Class,499.9500122,174.3600006,464.9500122
1,Late delivery,6.0,4.0,11/16/2016 10:04,11/22/2016 10:04,46955,COMPLETE,Eastern Europe,Satu Mare,Satu Mare,,Cardio Equipment,Footwear,9,99.98999786,5,99.98999786,45.0,454.9500122,Standard Class,499.9500122,159.2299957,454.9500122
1,Advance shipping,3.0,4.0,3/13/2017 21:18,3/16/2017 21:18,55002,PROCESSING,Central America,Jalisco,Guadalajara,,Cleats,Apparel,17,59.99000168,2,59.99000168,18.0,101.9800034,Standard Class,119.9800034,49.97000122,101.9800034
1,Late delivery,6.0,4.0,6/1/2017 8:13,6/7/2017 8:13,60445,PROCESSING,South America,Norte de Santander,Cúcuta,,Cleats,Apparel,17,59.99000168,2,59.99000168,18.0,101.9800034,Standard Class,119.9800034,46.90999985,101.9800034
1,Advance shipping,2.0,4.0,2/21/2017 5:12,2/23/2017 5:12,53586,PROCESSING,Central America,Zacatecas,Zacatecas,,Cleats,Apparel,17,59.99000168,2,59.99000168,20.39999962,99.58000183,Standard Class,119.9800034,32.36000061,99.58000183
1,Shipping on time,4.0,4.0,4/6/2017 11:27,4/10/2017 11:27,56618,PROCESSING,Central America,Chihuahua,Chihuahua,,Cleats,Apparel,17,59.99000168,2,59.99000168,20.39999962,99.58000183,Standard Class,119.9800034,36.84999847,99.58000183
1,Late delivery,6.0,4.0,1/27/2017 2:16,2/2/2017 2:16,51865,PROCESSING,South America,Distrito Federal,Brasília,,Cleats,Apparel,17,59.99000168,2,59.99000168,20.39999962,99.58000183,Standard Class,119.9800034,49.79000092,99.58000183
1,Advance shipping,3.0,4.0,2/12/2015 20:36,2/15/2015 20:36,2937,PROCESSING,South America,Pará,Santarém,,Women's Apparel,Golf,24,50.0,2,50.0,24.835652308644267,100.0,Standard Class,100.0,35.0,100.0
1,Advance shipping,2.0,4.0,3/5/2017 18:30,3/7/2017 18:30,54446,PROCESSING,South America,Santa Catarina,Joinville,,Women's Apparel,Golf,24,50.0,2,50.0,24.835652308644267,100.0,Standard Class,100.0,43.0,100.0
1,Shipping on time,4.0,4.0,5/5/2017 17:53,5/9/2017 17:53,58623,PROCESSING,Central America,Nuevo León,Monterrey,,Women's Apparel,Golf,24,50.0,2,50.0,1.0,99.0,Standard Class,100.0,29.15803281379571,99.0
1,Advance shipping,2.0,4.0,4/19/2015 4:03,4/21/2015 4:03,7411,PROCESSING,South America,Huila,Pitalito,,Shop By Sport,Golf,29,39.99000168,2,39.99000168,0.800000012,79.18000031,Standard Class,79.98000336,21.77000046,79.18000031
1,Shipping on time,4.0,4.0,3/20/2015 1:17,3/24/2015 1:17,5348,PROCESSING,Central America,Puebla,Puebla,,Women's Apparel,Golf,24,50.0,2,50.0,3.0,97.0,Standard Class,100.0,10.96000004,97.0
1,Advance shipping,3.0,4.0,5/22/2017 1:56,5/25/2017 1:56,59742,PROCESSING,Caribbean,Santo Domingo,Santo Domingo,,Women's Apparel,Golf,24,50.0,2,50.0,4.0,96.0,Standard Class,100.0,41.27999878,96.0
1,Shipping on time,4.0,4.0,5/18/2017 12:26,5/22/2017 12:26,59498,PROCESSING,Central America,Querétaro,Querétaro,,Shop By Sport,Golf,29,39.99000168,2,39.99000168,3.200000048,76.77999878,Standard Class,79.98000336,26.87000084,76.77999878
1,Late delivery,5.0,4.0,2/20/2015 11:29,2/25/2015 11:29,3459,PROCESSING,Caribbean,Chaguanas,Chaguanas,,Shop By Sport,Golf,29,39.99000168,2,39.99000168,4.0,75.98000336,Standard Class,79.98000336,34.18999863,75.98000336
1,Late delivery,6.0,4.0,5/4/2015 15:04,5/10/2015 15:04,8470,PROCESSING,Central America,Chimaltenango,Chimaltenango,,Shop By Sport,Golf,29,39.99000168,2,39.99000168,4.0,75.98000336,Standard Class,79.98000336,35.70999908,75.98000336
1,Late delivery,6.0,4.0,2/19/2017 7:19,2/25/2017 7:19,53455,PROCESSING,South America,Minas Gerais,Belo Horizonte,,Women's Apparel,Golf,24,50.0,2,50.0,5.0,95.0,Standard Class,100.0,11.88000011,95.0
1,Late delivery,5.0,4.0,1/30/2015 9:14,2/4/2015 9:14,2014,PROCESSING,Central America,Jalisco,Tlaquepaque,,Girls' Apparel,Golf,26,70.0,2,70.0,7.699999809,132.3000031,Standard Class,140.0,18.52000046,132.3000031
1,Late delivery,5.0,4.0,3/26/2017 23:33,3/31/2017 23:33,55899,PROCESSING,Central America,Panamá,San Miguelito,,Girls' Apparel,Golf,26,25.0,2,25.0,3.5,46.5,Standard Class,50.0,17.44000053,46.5
1,Advance shipping,3.0,4.0,2/6/2017 13:27,2/9/2017 13:27,52582,PROCESSING,Central America,Sonora,Hermosillo,,Women's Apparel,Golf,24,50.0,2,50.0,7.0,93.0,Standard Class,100.0,30.22999954,93.0
1,Advance shipping,3.0,4.0,3/31/2017 16:43,4/3/2017 16:43,56222,PROCESSING,Central America,México,Coacalco,,Women's Apparel,Golf,24,50.0,2,50.0,7.0,93.0,Standard Class,100.0,-162.75,93.0
1,Late delivery,5.0,4.0,4/24/2017 3:43,4/29/2017 3:43,57829,PROCESSING,South America,Santa Catarina,Balneário Camboriú,,Shop By Sport,Golf,29,39.99000168,2,39.99000168,7.199999809,72.77999878,Standard Class,79.98000336,24.60000038,72.77999878
1,Advance shipping,3.0,4.0,3/31/2017 14:58,4/3/2017 14:58,56217,PROCESSING,Central America,Francisco Morazán,Tegucigalpa,,Shop By Sport,Golf,29,39.99000168,2,39.99000168,8.0,71.98000336,Standard Class,79.98000336,35.99000168,71.98000336
1,Shipping on time,4.0,4.0,3/28/2015 0:13,4/1/2015 0:13,5893,PROCESSING,Central America,Guatemala,Petapa,,Shop By Sport,Golf,29,39.99000168,2,39.99000168,8.0,71.98000336,Standard Class,79.98000336,17.12999916,71.98000336
1,Shipping on time,4.0,4.0,3/22/2015 16:21,3/26/2015 16:21,5528,PROCESSING,Central America,Atlántida,La Ceiba,,Women's Apparel,Golf,24,50.0,2,50.0,10.0,90.0,Standard Class,100.0,41.40000153,90.0
1,Advance shipping,3.0,4.0,1/6/2015 8:13,1/9/2015 8:13,367,PROCESSING,South America,Monagas,Maturín,,Shop By Sport,Golf,29,39.99000168,2,39.99000168,8.0,71.98000336,Standard Class,79.98000336,23.38999939,71.98000336
1,Shipping on time,4.0,4.0,2/3/2017 5:14,2/7/2017 5:14,52353,PROCESSING,South America,Amazonas,Parintins,,Women's Apparel,Golf,24,50.0,2,50.0,10.0,90.0,Standard Class,100.0,21.42000008,90.0
1,Late delivery,5.0,4.0,1/27/2015 0:39,2/1/2015 0:39,1784,PROCESSING,South America,São Paulo,São Paulo,,Women's Apparel,Golf,24,50.0,2,50.0,10.0,90.0,Standard Class,100.0,28.17000008,90.0
1,Advance shipping,3.0,4.0,5/30/2017 11:22,6/2/2017 11:22,60317,PROCESSING,Caribbean,Santiago de Cuba,Santiago de Cuba,,Shop By Sport,Golf,29,39.99000168,2,39.99000168,9.600000381,70.37999725,Standard Class,79.98000336,-11.47000027,70.37999725
1,Advance shipping,2.0,4.0,4/9/2015 21:35,4/11/2015 21:35,6776,PROCESSING,Central America,Puebla,Puebla,,Women's Apparel,Golf,24,50.0,2,50.0,12.0,88.0,Standard Class,100.0,29.04000092,88.0
1,Advance shipping,3.0,4.0,3/7/2015 11:38,3/10/2015 11:38,4487,PROCESSING,Central America,Guatemala,Mixco,,Women's Apparel,Golf,24,50.0,2,50.0,13.0,87.0,Standard Class,100.0,23.48999977,87.0
1,Advance shipping,2.0,4.0,5/22/2015 7:20,5/24/2015 7:20,9681,PROCESSING,Central America,Huehuetenango,Huehuetenango,,Women's Apparel,Golf,24,50.0,2,50.0,15.0,85.0,Standard Class,100.0,19.12999916,85.0
1,Shipping on time,4.0,4.0,6/7/2017 12:25,6/11/2017 12:25,60868,PROCESSING,Central America,Guatemala,Chinautla,,Shop By Sport,Golf,29,39.99000168,2,39.99000168,13.60000038,66.37999725,Standard Class,79.98000336,5.96999979,66.37999725
1,Advance shipping,2.0,4.0,2/16/2017 0:50,2/18/2017 0:50,53231,PROCESSING,Central America,San Salvador,Apopa,,Girls' Apparel,Golf,26,39.99000168,2,39.99000168,14.39999962,65.58000183,Standard Class,79.98000336,7.210000038,65.58000183
1,Advance shipping,2.0,4.0,2/6/2017 20:07,2/8/2017 20:07,52601,PROCESSING,South America,São Paulo,Sorocaba,,Shop By Sport,Golf,29,39.99000168,2,39.99000168,14.39999962,65.58000183,Standard Class,79.98000336,21.63999939,65.58000183
1,Late delivery,6.0,4.0,3/10/2015 0:15,3/16/2015 0:15,4660,PROCESSING,South America,Santa Fe,San Justo,,Shop By Sport,Golf,29,39.99000168,2,39.99000168,14.39999962,65.58000183,Standard Class,79.98000336,-9.050000191,65.58000183
1,Late delivery,5.0,4.0,2/21/2015 15:31,2/26/2015 15:31,3539,PROCESSING,South America,Paraná,Colombo,,Women's Apparel,Golf,24,50.0,2,50.0,18.0,82.0,Standard Class,100.0,7.21999979,82.0
1,Advance shipping,2.0,4.0,2/16/2017 0:50,2/18/2017 0:50,53231,PROCESSING,Central America,San Salvador,Apopa,,Women's Apparel,Golf,24,50.0,2,50.0,20.0,80.0,Standard Class,100.0,37.59999847,80.0
1,Shipping on time,4.0,4.0,3/6/2017 9:13,3/10/2017 9:13,54488,PROCESSING,South America,São Paulo,Itu,,Women's Apparel,Golf,24,50.0,2,50.0,20.0,80.0,Standard Class,100.0,36.79999924,80.0
1,Advance shipping,2.0,4.0,4/9/2015 21:35,4/11/2015 21:35,6776,PROCESSING,Central America,Puebla,Puebla,,Shop By Sport,Golf,29,39.99000168,2,39.99000168,20.0,59.99000168,Standard Class,79.98000336,16.20000076,59.99000168
1,Late delivery,5.0,4.0,2/6/2017 1:54,2/11/2017 1:54,52549,PROCESSING,Central America,Morelos,Cuernavaca,,Shop By Sport,Golf,29,39.99000168,2,39.99000168,20.0,59.99000168,Standard Class,79.98000336,27.59000015,59.99000168
1,Advance shipping,2.0,4.0,5/31/2017 2:47,6/2/2017 2:47,60361,PROCESSING,Central America,Guatemala,Villa Nueva,,Women's Apparel,Golf,24,50.0,2,50.0,25.0,75.0,Standard Class,100.0,12.75,75.0
1,Late delivery,6.0,4.0,5/4/2015 15:04,5/10/2015 15:04,8470,PROCESSING,Central America,Chimaltenango,Chimaltenango,,Electronics,Outdoors,37,31.98999977,2,31.98999977,0.639999986,63.34000015,Standard Class,63.97999954,19.0,63.34000015
1,Advance shipping,3.0,4.0,3/25/2015 8:49,3/28/2015 8:49,5712,PROCESSING,South America,Goiás,Águas Lindas de Goiás,,Accessories,Outdoors,40,24.98999977,2,24.98999977,2.75,47.22999954,Standard Class,49.97999954,13.69999981,47.22999954
1,Late delivery,5.0,4.0,5/16/2015 21:00,5/21/2015 21:00,9309,PROCESSING,South America,Minas Gerais,Vespasiano,,Golf Balls,Outdoors,36,19.98999977,2,19.98999977,4.0,35.97999954,Standard Class,39.97999954,15.82999992,35.97999954
1,Late delivery,6.0,4.0,4/29/2015 3:41,5/5/2015 3:41,8095,PROCESSING,South America,Bogotá,Bogotá,,Electronics,Outdoors,37,47.99000168,2,47.99000168,11.52000046,84.45999908,Standard Class,95.98000336,26.44000053,84.45999908
1,Advance shipping,3.0,4.0,1/12/2018 19:59,1/15/2018 19:59,75892,PROCESSING,South Asia,Chhattisgarh,Bhilai,,Sporting Goods,Fitness,73,327.75,1,327.75,65.55000305,262.2000122,Standard Class,327.75,-45.88999939,262.2000122
1,Advance shipping,2.0,4.0,1/12/2018 19:38,1/14/2018 19:38,75891,COMPLETE,Eastern Asia,Shandong,Qingdao,,Sporting Goods,Fitness,73,327.75,1,327.75,81.94000244,245.8099976,Standard Class,327.75,103.2399979,245.8099976
1,Late delivery,6.0,2.0,1/12/2018 19:17,1/18/2018 19:17,75890,COMPLETE,Eastern Asia,Shandong,Qingdao,,Sporting Goods,Fitness,73,327.75,1,327.75,24.835652308644267,327.75,Second Class,327.75,81.94000244,327.75
1,Late delivery,5.0,4.0,1/12/2018 18:56,1/17/2018 18:56,75889,COMPLETE,South Asia,Herat,Herat,,Sporting Goods,Fitness,73,327.75,1,327.75,3.279999971,324.4700012,Standard Class,327.75,24.34000015,324.4700012
1,Shipping on time,4.0,4.0,1/12/2018 18:35,1/16/2018 18:35,75888,PENDING_PAYMENT,South Asia,Herat,Herat,,Sporting Goods,Fitness,73,327.75,1,327.75,6.559999943,321.2000122,Standard Class,327.75,-36.29999924,321.2000122
1,Advance shipping,3.0,4.0,1/12/2018 18:14,1/15/2018 18:14,75887,COMPLETE,South Asia,Herat,Herat,,Sporting Goods,Fitness,73,327.75,1,327.75,9.829999924,317.9200134,Standard Class,327.75,111.2699966,317.9200134
1,Shipping canceled,2.0,4.0,1/12/2018 17:53,1/14/2018 17:53,75886,CANCELED,Oceania,Nueva Gales del Sur,Sydney,,Sporting Goods,Fitness,73,327.75,1,327.75,13.10999966,314.6400146,Standard Class,327.75,114.2099991,314.6400146
1,Late delivery,6.0,2.0,1/12/2018 17:32,1/18/2018 17:32,75885,PENDING_PAYMENT,Southeast Asia,Java Occidental,Bandung,,Sporting Goods,Fitness,73,327.75,1,327.75,16.38999939,311.3599854,Second Class,327.75,-71.30000305,311.3599854
1,Late delivery,5.0,4.0,1/12/2018 17:11,1/17/2018 17:11,75884,PENDING,Oceania,Nueva Gales del Sur,Newcastle,,Sporting Goods,Fitness,73,327.75,1,327.75,18.03000069,309.7200012,Standard Class,327.75,37.16999817,309.7200012
1,Late delivery,2.0,1.0,1/12/2018 16:50,1/14/2018 16:50,75883,COMPLETE,Eastern Asia,Shaanxi,Tongchuan,,Sporting Goods,Fitness,73,327.75,1,327.75,22.94000053,304.8099976,First Class,327.75,146.3099976,304.8099976
1,Advance shipping,3.0,4.0,1/12/2018 16:29,1/15/2018 16:29,75882,PENDING,Eastern Asia,Shaanxi,Tongchuan,,Sporting Goods,Fitness,73,327.75,1,327.75,29.5,298.25,Standard Class,327.75,74.55999756,298.25
1,Advance shipping,2.0,4.0,1/12/2018 16:08,1/14/2018 16:08,75881,COMPLETE,Eastern Asia,Shaanxi,Tongchuan,,Sporting Goods,Fitness,73,327.75,1,327.75,32.77999878,294.980011,Standard Class,327.75,59.0,294.980011
1,Late delivery,6.0,4.0,1/12/2018 15:47,1/18/2018 15:47,75880,COMPLETE,Eastern Asia,Shaanxi,Tongchuan,,Sporting Goods,Fitness,73,327.75,1,327.75,39.33000183,288.4200134,Standard Class,327.75,83.63999939,288.4200134
1,Late delivery,5.0,4.0,1/12/2018 15:26,1/17/2018 15:26,75879,PROCESSING,South Asia,Madhya Pradesh,Ujjain,,Sporting Goods,Fitness,73,327.75,1,327.75,42.61000061,285.1400146,Standard Class,327.75,136.8699951,285.1400146
1,Shipping on time,4.0,4.0,1/12/2018 15:05,1/16/2018 15:05,75878,COMPLETE,South Asia,Madhya Pradesh,Ujjain,,Sporting Goods,Fitness,73,327.75,1,327.75,49.15999985,278.5899963,Standard Class,327.75,20.88999939,278.5899963
1,Advance shipping,3.0,4.0,1/12/2018 14:44,1/15/2018 14:44,75877,PROCESSING,Southeast Asia,Kalimantan Oriental,Balikpapan,,Sporting Goods,Fitness,73,327.75,1,327.75,52.43999863,275.3099976,Standard Class,327.75,-55.06000137,275.3099976
1,Advance shipping,2.0,4.0,1/12/2018 14:23,1/14/2018 14:23,75876,PENDING,Southeast Asia,Kalimantan Oriental,Balikpapan,,Sporting Goods,Fitness,73,327.75,1,327.75,55.72000122,272.0299988,Standard Class,327.75,36.18000031,272.0299988
1,Late delivery,6.0,2.0,1/12/2018 14:02,1/18/2018 14:02,75875,PENDING_PAYMENT,Southeast Asia,Kalimantan Oriental,Balikpapan,,Sporting Goods,Fitness,73,327.75,1,327.75,59.0,268.7600098,Second Class,327.75,131.6900024,268.7600098
1,Late delivery,5.0,4.0,1/12/2018 13:41,1/17/2018 13:41,75874,PENDING_PAYMENT,Southeast Asia,Kalimantan Oriental,Balikpapan,,Sporting Goods,Fitness,73,327.75,1,327.75,65.55000305,262.2000122,Standard Class,327.75,91.76999664,262.2000122
1,Shipping on time,4.0,4.0,1/12/2018 13:20,1/16/2018 13:20,75873,PROCESSING,South Asia,Maharashtra,Pune,,Sporting Goods,Fitness,73,327.75,1,327.75,81.94000244,245.8099976,Standard Class,327.75,-163.9600067,245.8099976
1,Advance shipping,3.0,4.0,1/12/2018 12:59,1/15/2018 12:59,75872,PENDING,South Asia,Maharashtra,Pune,,Sporting Goods,Fitness,73,327.75,1,327.75,24.835652308644267,327.75,Standard Class,327.75,144.2100067,327.75
1,Late delivery,2.0,1.0,1/12/2018 12:38,1/14/2018 12:38,75871,COMPLETE,South Asia,Maharashtra,Pune,,Sporting Goods,Fitness,73,327.75,1,327.75,3.279999971,324.4700012,First Class,327.75,32.45000076,324.4700012
1,Late delivery,2.0,1.0,1/12/2018 12:17,1/14/2018 12:17,75870,COMPLETE,South Asia,Maharashtra,Pune,,Sporting Goods,Fitness,73,327.75,1,327.75,6.559999943,321.2000122,First Class,327.75,93.15000153,321.2000122
1,Late delivery,2.0,1.0,1/12/2018 11:56,1/14/2018 11:56,75869,COMPLETE,South Asia,Maharashtra,Pune,,Sporting Goods,Fitness,73,327.75,1,327.75,9.829999924,317.9200134,First Class,327.75,79.48000336,317.9200134
1,Late delivery,2.0,1.0,1/12/2018 11:35,1/14/2018 11:35,75868,PROCESSING,Eastern Asia,Shandong,Weifang,,Sporting Goods,Fitness,73,327.75,1,327.75,13.10999966,314.6400146,First Class,327.75,100.6800003,314.6400146
1,Shipping on time,3.90314465408805,3.139030612244898,1/12/2018 11:14,1/12/2018 23:14,75867,PENDING,Southeast Asia,Yogyakarta,Yogyakarta,,Sporting Goods,Fitness,73,327.75,1,327.75,16.38999939,311.3599854,Same Day,327.75,149.4499969,311.3599854
1,Shipping on time,3.90314465408805,3.139030612244898,1/12/2018 10:53,1/12/2018 22:53,75866,PENDING_PAYMENT,Southeast Asia,Yogyakarta,Yogyakarta,,Sporting Goods,Fitness,73,327.75,1,327.75,18.03000069,309.7200012,Same Day,327.75,80.52999878,309.7200012
1,Shipping on time,3.90314465408805,3.139030612244898,1/12/2018 10:32,1/12/2018 22:32,75865,CLOSED,Oceania,Queensland,Toowoomba,,Sporting Goods,Fitness,73,327.75,1,327.75,22.94000053,304.8099976,Same Day,327.75,-34.75,304.8099976
1,Late delivery,5.0,4.0,1/12/2018 10:11,1/17/2018 10:11,75864,PENDING,Oceania,Queensland,Toowoomba,,Sporting Goods,Fitness,73,327.75,1,327.75,29.5,298.25,Standard Class,327.75,146.1399994,298.25
1,Shipping on time,4.0,4.0,1/12/2018 9:50,1/16/2018 9:50,75863,PENDING_PAYMENT,Oceania,Queensland,Toowoomba,,Sporting Goods,Fitness,73,327.75,1,327.75,32.77999878,294.980011,Standard Class,327.75,22.12000084,294.980011
1,Advance shipping,3.0,4.0,1/12/2018 9:29,1/15/2018 9:29,75862,PENDING,Oceania,Queensland,Rockhampton,,Sporting Goods,Fitness,73,327.75,1,327.75,39.33000183,288.4200134,Standard Class,327.75,-447.0499878,288.4200134
1,Advance shipping,2.0,4.0,1/12/2018 9:08,1/14/2018 9:08,75861,COMPLETE,Oceania,Queensland,Rockhampton,,Sporting Goods,Fitness,73,327.75,1,327.75,42.61000061,285.1400146,Standard Class,327.75,106.9300003,285.1400146
1,Late delivery,6.0,4.0,1/12/2018 8:47,1/18/2018 8:47,75860,COMPLETE,Oceania,Queensland,Rockhampton,,Sporting Goods,Fitness,73,327.75,1,327.75,49.15999985,278.5899963,Standard Class,327.75,-459.6700134,278.5899963
1,Shipping canceled,5.0,4.0,1/12/2018 8:26,1/17/2018 8:26,75859,SUSPECTED_FRAUD,Eastern Asia,Jilin,Siping,,Sporting Goods,Fitness,73,327.75,1,327.75,52.43999863,275.3099976,Standard Class,327.75,-61.93999863,275.3099976
1,Late delivery,4.0,2.0,1/12/2018 8:05,1/16/2018 8:05,75858,COMPLETE,Oceania,Australia Occidental,Perth,,Sporting Goods,Fitness,73,327.75,1,327.75,55.72000122,272.0299988,Second Class,327.75,111.5299988,272.0299988
1,Advance shipping,3.0,4.0,1/12/2018 7:44,1/15/2018 7:44,75857,COMPLETE,Oceania,Australia Occidental,Perth,,Sporting Goods,Fitness,73,327.75,1,327.75,59.0,268.7600098,Standard Class,327.75,131.6900024,268.7600098
1,Shipping on time,2.0,2.0,1/12/2018 7:23,1/14/2018 7:23,75856,ON_HOLD,Eastern Asia,Shanghái,Shanghái,,Sporting Goods,Fitness,73,327.75,1,327.75,65.55000305,262.2000122,Second Class,327.75,85.22000122,262.2000122
1,Late delivery,2.0,1.0,1/12/2018 7:02,1/14/2018 7:02,75855,PENDING_PAYMENT,Southeast Asia,Yogyakarta,Depok,,Sporting Goods,Fitness,73,327.75,1,327.75,81.94000244,245.8099976,First Class,327.75,63.90999985,245.8099976
1,Late delivery,5.0,2.0,1/12/2018 6:41,1/17/2018 6:41,75854,COMPLETE,Southeast Asia,Yogyakarta,Depok,,Sporting Goods,Fitness,73,327.75,1,327.75,24.835652308644267,327.75,Second Class,327.75,-273.019989,327.75
1,Late delivery,4.0,2.0,1/12/2018 6:20,1/16/2018 6:20,75853,PENDING_PAYMENT,Eastern Asia,Kanagawa,Kawasaki,,Sporting Goods,Fitness,73,327.75,1,327.75,3.279999971,324.4700012,Second Class,327.75,-259.5799866,324.4700012
1,Advance shipping,3.0,4.0,1/12/2018 5:59,1/15/2018 5:59,75852,COMPLETE,South Asia,Punyab,Lahore,,Sporting Goods,Fitness,73,327.75,1,327.75,6.559999943,321.2000122,Standard Class,327.75,20.23999977,321.2000122
1,Advance shipping,2.0,4.0,1/12/2018 5:38,1/14/2018 5:38,75851,PENDING,Eastern Asia,Shanghái,Shanghái,,Sporting Goods,Fitness,73,327.75,1,327.75,9.829999924,317.9200134,Standard Class,327.75,111.2699966,317.9200134
1,Late delivery,6.0,4.0,1/12/2018 5:16,1/18/2018 5:16,75850,COMPLETE,South Asia,Karnataka,Bangalore,,Sporting Goods,Fitness,73,327.75,1,327.75,13.10999966,314.6400146,Standard Class,327.75,29.15803281379571,314.6400146
1,Late delivery,5.0,4.0,1/12/2018 4:55,1/17/2018 4:55,75849,PENDING_PAYMENT,South Asia,Karnataka,Bangalore,,Sporting Goods,Fitness,73,327.75,1,327.75,16.38999939,311.3599854,Standard Class,327.75,97.45999908,311.3599854
1,Late delivery,4.0,2.0,1/12/2018 4:34,1/16/2018 4:34,75848,PENDING_PAYMENT,South Asia,Karnataka,Bangalore,,Sporting Goods,Fitness,73,327.75,1,327.75,18.03000069,309.7200012,Second Class,327.75,89.8199997,309.7200012
1,Shipping canceled,3.0,2.0,1/12/2018 4:13,1/15/2018 4:13,75847,SUSPECTED_FRAUD,South Asia,Karnataka,Bangalore,,Sporting Goods,Fitness,73,327.75,1,327.75,22.94000053,304.8099976,Second Class,327.75,85.34999847,304.8099976
1,Advance shipping,2.0,4.0,1/12/2018 3:52,1/14/2018 3:52,75846,PROCESSING,South Asia,Karnataka,Bangalore,,Sporting Goods,Fitness,73,327.75,1,327.75,29.5,298.25,Standard Class,327.75,125.2699966,298.25
1,Late delivery,6.0,4.0,1/12/2018 3:31,1/18/2018 3:31,75845,PENDING_PAYMENT,Southeast Asia,Java Oriental,Malang,,Sporting Goods,Fitness,73,327.75,1,327.75,32.77999878,294.980011,Standard Class,327.75,91.44000244,294.980011
1,Late delivery,5.0,4.0,1/12/2018 3:10,1/17/2018 3:10,75844,PENDING,Southeast Asia,Ciudad Ho Chi Minh,Ho Chi Minh City,,Sporting Goods,Fitness,73,327.75,1,327.75,39.33000183,288.4200134,Standard Class,327.75,77.87000275,288.4200134
1,Late delivery,4.0,2.0,1/12/2018 2:49,1/16/2018 2:49,75843,PENDING_PAYMENT,Southeast Asia,Ciudad Ho Chi Minh,Ho Chi Minh City,,Sporting Goods,Fitness,73,327.75,1,327.75,42.61000061,285.1400146,Second Class,327.75,82.69000244,285.1400146
1,Advance shipping,3.0,4.0,1/12/2018 2:28,1/15/2018 2:28,75842,PROCESSING,Southeast Asia,Ciudad Ho Chi Minh,Ho Chi Minh City,,Sporting Goods,Fitness,73,327.75,1,327.75,49.15999985,278.5899963,Standard Class,327.75,69.65000153,278.5899963
1,Advance shipping,2.0,4.0,1/12/2018 2:07,1/14/2018 2:07,75841,COMPLETE,Southeast Asia,Ciudad Ho Chi Minh,Ho Chi Minh City,,Sporting Goods,Fitness,73,327.75,1,327.75,52.43999863,275.3099976,Standard Class,327.75,134.8999939,275.3099976
1,Late delivery,6.0,2.0,1/12/2018 1:46,1/18/2018 1:46,75840,CLOSED,Eastern Asia,Liaoning,Shenyang,,Sporting Goods,Fitness,73,327.75,1,327.75,55.72000122,272.0299988,Second Class,327.75,-199.3999939,272.0299988
1,Late delivery,5.0,2.0,1/12/2018 1:25,1/17/2018 1:25,75839,PROCESSING,Eastern Asia,Liaoning,Shenyang,,Sporting Goods,Fitness,73,327.75,1,327.75,59.0,268.7600098,Second Class,327.75,-215.0,268.7600098
1,Late delivery,2.0,1.0,1/12/2018 1:04,1/14/2018 1:04,75838,PENDING_PAYMENT,Eastern Asia,Daegu,Daegu,,Sporting Goods,Fitness,73,327.75,1,327.75,65.55000305,262.2000122,First Class,327.75,82.0699997,262.2000122
1,Late delivery,2.0,1.0,1/12/2018 0:43,1/14/2018 0:43,75837,CLOSED,Southeast Asia,Capital Nacional,Manila,,Sporting Goods,Fitness,73,327.75,1,327.75,81.94000244,245.8099976,First Class,327.75,76.94000244,245.8099976
1,Shipping on time,2.0,2.0,1/12/2018 0:22,1/14/2018 0:22,75836,CLOSED,Southeast Asia,Capital Nacional,Manila,,Sporting Goods,Fitness,73,327.75,1,327.75,24.835652308644267,327.75,Second Class,327.75,-540.789978,327.75
1,Late delivery,6.0,2.0,1/12/2018 0:01,1/18/2018 0:01,75835,COMPLETE,South Asia,Guyarat,Rajkot,,Sporting Goods,Fitness,73,327.75,1,327.75,3.279999971,324.4700012,Second Class,327.75,-146.0099945,324.4700012
1,Late delivery,5.0,2.0,1/11/2018 23:40,1/16/2018 23:40,75834,PENDING_PAYMENT,South Asia,Guyarat,Rajkot,,Sporting Goods,Fitness,73,327.75,1,327.75,6.559999943,321.2000122,Second Class,327.75,93.15000153,321.2000122
1,Late delivery,2.0,1.0,1/11/2018 23:19,1/13/2018 23:19,75833,COMPLETE,South Asia,Guyarat,Rajkot,,Sporting Goods,Fitness,73,327.75,1,327.75,9.829999924,317.9200134,First Class,327.75,149.4199982,317.9200134
1,Late delivery,2.0,1.0,1/11/2018 22:58,1/13/2018 22:58,75832,CLOSED,South Asia,Guyarat,Rajkot,,Sporting Goods,Fitness,73,327.75,1,327.75,13.10999966,314.6400146,First Class,327.75,31.45999908,314.6400146
1,Late delivery,2.0,1.0,1/11/2018 22:37,1/13/2018 22:37,75831,PENDING_PAYMENT,South Asia,Haryana,Gorakhpur,,Sporting Goods,Fitness,73,327.75,1,327.75,16.38999939,311.3599854,First Class,327.75,29.15803281379571,311.3599854
1,Late delivery,6.0,4.0,1/11/2018 22:16,1/17/2018 22:16,75830,PENDING_PAYMENT,Southeast Asia,Java Oriental,Surabaya,,Sporting Goods,Fitness,73,327.75,1,327.75,18.03000069,309.7200012,Standard Class,327.75,151.7599945,309.7200012
1,Late delivery,5.0,4.0,1/11/2018 21:55,1/16/2018 21:55,75829,PENDING_PAYMENT,Southeast Asia,Java Oriental,Surabaya,,Sporting Goods,Fitness,73,327.75,1,327.75,22.94000053,304.8099976,Standard Class,327.75,146.3099976,304.8099976
1,Shipping on time,4.0,4.0,1/11/2018 21:34,1/15/2018 21:34,75828,ON_HOLD,Southeast Asia,Java Oriental,Surabaya,,Sporting Goods,Fitness,73,327.75,1,327.75,29.5,298.25,Standard Class,327.75,20.87999916,298.25
1,Advance shipping,3.0,4.0,1/11/2018 21:13,1/14/2018 21:13,75827,COMPLETE,Oceania,Queensland,Brisbane,,Sporting Goods,Fitness,73,327.75,1,327.75,32.77999878,294.980011,Standard Class,327.75,95.87000275,294.980011
1,Advance shipping,2.0,4.0,1/11/2018 20:52,1/13/2018 20:52,75826,CLOSED,Southeast Asia,Bangkok,Bangkok,,Sporting Goods,Fitness,73,327.75,1,327.75,39.33000183,288.4200134,Standard Class,327.75,135.5599976,288.4200134
1,Late delivery,6.0,4.0,1/11/2018 20:31,1/17/2018 20:31,75825,COMPLETE,Southeast Asia,Bangkok,Bangkok,,Sporting Goods,Fitness,73,327.75,1,327.75,42.61000061,285.1400146,Standard Class,327.75,74.13999939,285.1400146
1,Late delivery,5.0,4.0,1/11/2018 20:10,1/16/2018 20:10,75824,CLOSED,South Asia,Daca,Daca,,Sporting Goods,Fitness,73,327.75,1,327.75,49.15999985,278.5899963,Standard Class,327.75,78.0,278.5899963
1,Shipping on time,4.0,4.0,1/11/2018 19:49,1/15/2018 19:49,75823,PENDING,South Asia,Daca,Daca,,Sporting Goods,Fitness,73,327.75,1,327.75,52.43999863,275.3099976,Standard Class,327.75,-183.6300049,275.3099976
1,Advance shipping,3.0,4.0,1/11/2018 19:28,1/14/2018 19:28,75822,COMPLETE,South Asia,Maharashtra,Nagpur,,Sporting Goods,Fitness,73,327.75,1,327.75,55.72000122,272.0299988,Standard Class,327.75,98.75,272.0299988
1,Advance shipping,2.0,4.0,1/11/2018 19:07,1/13/2018 19:07,75821,COMPLETE,South Asia,Maharashtra,Nagpur,,Sporting Goods,Fitness,73,327.75,1,327.75,59.0,268.7600098,Standard Class,327.75,26.87999916,268.7600098
1,Late delivery,6.0,4.0,1/11/2018 18:46,1/17/2018 18:46,75820,COMPLETE,Southeast Asia,Bangkok,Bangkok,,Sporting Goods,Fitness,73,327.75,1,327.75,65.55000305,262.2000122,Standard Class,327.75,91.76999664,262.2000122
1,Late delivery,5.0,4.0,1/11/2018 18:25,1/16/2018 18:25,75819,COMPLETE,Southeast Asia,Nakhon Ratchasima,Nakhon Ratchasima,,Sporting Goods,Fitness,73,327.75,1,327.75,81.94000244,245.8099976,Standard Class,327.75,-180.1799927,245.8099976
1,Shipping on time,4.0,4.0,1/11/2018 18:04,1/15/2018 18:04,75818,PROCESSING,Oceania,Nueva Gales del Sur,Sydney,,Sporting Goods,Fitness,73,327.75,1,327.75,24.835652308644267,327.75,Standard Class,327.75,-251.3800049,327.75
1,Advance shipping,3.0,4.0,1/11/2018 17:43,1/14/2018 17:43,75817,CLOSED,Oceania,Nueva Gales del Sur,Sydney,,Sporting Goods,Fitness,73,327.75,1,327.75,3.279999971,324.4700012,Standard Class,327.75,-237.8399963,324.4700012
1,Advance shipping,2.0,4.0,1/11/2018 17:22,1/13/2018 17:22,75816,PROCESSING,Southeast Asia,Sabah,Kota Kinabalu,,Sporting Goods,Fitness,73,327.75,1,327.75,6.559999943,321.2000122,Standard Class,327.75,28.27000046,321.2000122
1,Late delivery,6.0,4.0,1/11/2018 17:01,1/17/2018 17:01,75815,COMPLETE,Eastern Asia,Jilin,Jiutai,,Sporting Goods,Fitness,73,327.75,1,327.75,9.829999924,317.9200134,Standard Class,327.75,87.43000031,317.9200134
1,Late delivery,5.0,4.0,1/11/2018 16:40,1/16/2018 16:40,75814,PENDING_PAYMENT,Eastern Asia,Jilin,Jiutai,,Sporting Goods,Fitness,73,327.75,1,327.75,13.10999966,314.6400146,Standard Class,327.75,82.75,314.6400146
1,Late delivery,4.0,2.0,1/11/2018 16:19,1/15/2018 16:19,75813,PAYMENT_REVIEW,Southeast Asia,Singapur,Singapur,,Sporting Goods,Fitness,73,327.75,1,327.75,16.38999939,311.3599854,Second Class,327.75,116.7600021,311.3599854
1,Late delivery,3.0,2.0,1/11/2018 15:58,1/14/2018 15:58,75812,PENDING_PAYMENT,Oceania,Queensland,Brisbane,,Sporting Goods,Fitness,73,327.75,1,327.75,18.03000069,309.7200012,Second Class,327.75,148.6699982,309.7200012
1,Late delivery,2.0,1.0,1/11/2018 15:37,1/13/2018 15:37,75811,PENDING_PAYMENT,Eastern Asia,Guangdong,Shantou,,Sporting Goods,Fitness,73,327.75,1,327.75,22.94000053,304.8099976,First Class,327.75,-72.54000092,304.8099976
1,Late delivery,6.0,2.0,1/11/2018 15:16,1/17/2018 15:16,75810,ON_HOLD,Eastern Asia,Guangdong,Shantou,,Sporting Goods,Fitness,73,327.75,1,327.75,29.5,298.25,Second Class,327.75,146.1399994,298.25
1,Late delivery,5.0,2.0,1/11/2018 14:55,1/16/2018 14:55,75809,ON_HOLD,Eastern Asia,Guangdong,Shantou,,Sporting Goods,Fitness,73,327.75,1,327.75,32.77999878,294.980011,Second Class,327.75,129.7899933,294.980011
1,Late delivery,4.0,2.0,1/11/2018 14:34,1/15/2018 14:34,75808,COMPLETE,Eastern Asia,Guangdong,Shantou,,Sporting Goods,Fitness,73,327.75,1,327.75,39.33000183,288.4200134,Second Class,327.75,112.4800034,288.4200134
1,Late delivery,1.0,3.139030612244898,1/11/2018 14:13,1/12/2018 2:13,75807,PENDING_PAYMENT,Eastern Asia,Guangdong,Shantou,,Sporting Goods,Fitness,73,327.75,1,327.75,42.61000061,285.1400146,Same Day,327.75,76.98999786,285.1400146
1,Late delivery,1.0,3.139030612244898,1/11/2018 13:52,1/12/2018 1:52,75806,COMPLETE,Eastern Asia,Guangdong,Shantou,,Sporting Goods,Fitness,73,327.75,1,327.75,49.15999985,278.5899963,Same Day,327.75,75.22000122,278.5899963
1,Late delivery,1.0,3.139030612244898,1/11/2018 13:31,1/12/2018 1:31,75805,COMPLETE,Oceania,Queensland,Cairns,,Sporting Goods,Fitness,73,327.75,1,327.75,52.43999863,275.3099976,Same Day,327.75,123.8899994,275.3099976
1,Late delivery,1.0,3.139030612244898,1/11/2018 13:10,1/12/2018 1:10,75804,COMPLETE,Oceania,Queensland,Cairns,,Sporting Goods,Fitness,73,327.75,1,327.75,55.72000122,272.0299988,Same Day,327.75,133.3000031,272.0299988
1,Late delivery,1.0,3.139030612244898,1/11/2018 12:49,1/12/2018 0:49,75803,CLOSED,Oceania,Queensland,Brisbane,,Sporting Goods,Fitness,73,327.75,1,327.75,59.0,268.7600098,Same Day,327.75,90.83999634,268.7600098
1,Shipping canceled,1.0,3.139030612244898,1/11/2018 12:28,1/12/2018 0:28,75802,SUSPECTED_FRAUD,Oceania,Queensland,Brisbane,,Sporting Goods,Fitness,73,327.75,1,327.75,65.55000305,262.2000122,Same Day,327.75,-43.79000092,262.2000122
1,Late delivery,1.0,3.139030612244898,1/11/2018 12:06,1/12/2018 0:06,75801,COMPLETE,South Asia,Rajastán,Jaipur,,Sporting Goods,Fitness,73,327.75,1,327.75,81.94000244,245.8099976,Same Day,327.75,92.18000031,245.8099976
1,Late delivery,6.0,4.0,1/11/2018 11:45,1/17/2018 11:45,75800,COMPLETE,South Asia,Rajastán,Jaipur,,Sporting Goods,Fitness,73,327.75,1,327.75,24.835652308644267,327.75,Standard Class,327.75,40.97000122,327.75
1,Late delivery,5.0,4.0,1/11/2018 11:24,1/16/2018 11:24,75799,COMPLETE,Southeast Asia,Ciudad Ho Chi Minh,Ho Chi Minh City,,Sporting Goods,Fitness,73,327.75,1,327.75,3.279999971,324.4700012,Standard Class,327.75,45.43000031,324.4700012
1,Shipping on time,4.0,4.0,1/11/2018 11:03,1/15/2018 11:03,75798,PROCESSING,South Asia,Chhattisgarh,Raipur,,Sporting Goods,Fitness,73,327.75,1,327.75,6.559999943,321.2000122,Standard Class,327.75,144.5399933,321.2000122
1,Advance shipping,3.0,4.0,1/11/2018 10:42,1/14/2018 10:42,75797,PENDING,Eastern Asia,Hunan,Loudi,,Sporting Goods,Fitness,73,327.75,1,327.75,9.829999924,317.9200134,Standard Class,327.75,31.79000092,317.9200134
1,Late delivery,6.0,2.0,3/28/2015 0:55,4/3/2015 0:55,5895,PENDING_PAYMENT,Central America,Guatemala,Petapa,,Women's Apparel,Golf,24,50.0,3,50.0,30.0,120.0,Second Class,150.0,57.59999847,120.0
1,Late delivery,6.0,2.0,2/15/2015 16:13,2/21/2015 16:13,3130,PENDING_PAYMENT,Central America,Managua,Tipitapa,,Women's Apparel,Golf,24,50.0,3,50.0,37.5,112.5,Second Class,150.0,12.71000004,112.5
1,Shipping on time,2.0,2.0,12/23/2016 21:03,12/25/2016 21:03,49521,PAYMENT_REVIEW,West Asia,Tabuk,Tabuk,,Cardio Equipment,Footwear,9,99.98999786,3,99.98999786,45.0,254.9700012,Second Class,299.9700012,95.62000275,254.9700012
1,Late delivery,6.0,2.0,3/18/2016 8:50,3/24/2016 8:50,30305,PAYMENT_REVIEW,Oceania,Auckland,Manukau City,,Shop By Sport,Golf,29,39.99000168,3,39.99000168,6.0,113.9700012,Second Class,119.9700012,35.33000183,113.9700012
1,Late delivery,5.0,2.0,12/31/2016 15:47,1/5/2017 15:47,50054,PENDING_PAYMENT,West Asia,Estambul,Estambul,,Cardio Equipment,Footwear,9,99.98999786,3,99.98999786,45.0,254.9700012,Second Class,299.9700012,-19.12000084,254.9700012
1,Late delivery,3.0,2.0,2/10/2016 9:25,2/13/2016 9:25,27772,PENDING_PAYMENT,Southeast Asia,Yakarta,Yakarta,,Cleats,Apparel,17,59.99000168,3,59.99000168,1.799999952,178.1699982,Second Class,179.9700012,28.51000023,178.1699982
1,Late delivery,3.0,2.0,11/28/2016 1:18,12/1/2016 1:18,47752,PENDING_PAYMENT,Eastern Asia,Ulán Bator,Ulan Bator,,Cleats,Apparel,17,59.99000168,3,59.99000168,7.199999809,172.7700043,Second Class,179.9700012,12.96000004,172.7700043
1,Shipping on time,2.0,2.0,4/1/2016 20:01,4/3/2016 20:01,31296,PENDING_PAYMENT,Southeast Asia,Java Occidental,Tangerang,,Cleats,Apparel,17,59.99000168,3,59.99000168,9.899999619,170.0700073,Second Class,179.9700012,36.22999954,170.0700073
1,Shipping on time,2.0,2.0,11/19/2015 5:51,11/21/2015 5:51,22076,PENDING_PAYMENT,Eastern Asia,Guangdong,Shenzhen,,Cleats,Apparel,17,59.99000168,3,59.99000168,16.20000076,163.7700043,Second Class,179.9700012,6.21999979,163.7700043
1,Late delivery,6.0,2.0,1/10/2016 15:14,1/16/2016 15:14,25665,PENDING_PAYMENT,Oceania,Queensland,Brisbane,,Cleats,Apparel,17,59.99000168,3,59.99000168,27.0,152.9700012,Second Class,179.9700012,-102.0299988,152.9700012
1,Shipping on time,2.0,2.0,4/1/2016 20:01,4/3/2016 20:01,31296,PENDING_PAYMENT,Southeast Asia,Java Occidental,Tangerang,,Women's Apparel,Golf,24,50.0,3,50.0,24.835652308644267,150.0,Second Class,150.0,64.5,150.0
1,Late delivery,5.0,2.0,11/30/2015 2:09,12/5/2015 2:09,22819,PENDING_PAYMENT,Oceania,Nueva Gales del Sur,Sydney,,Shop By Sport,Golf,29,39.99000168,3,39.99000168,23.98999977,95.98000336,Second Class,119.9700012,44.15000153,95.98000336
1,Late delivery,5.0,2.0,1/31/2016 13:38,2/5/2016 13:38,27099,PENDING_PAYMENT,Oceania,Nueva Gales del Sur,Newcastle,,Trade-In,Outdoors,41,21.98999977,3,21.98999977,0.660000026,65.30999756,Second Class,65.97000122,-4.110000134,65.30999756
1,Late delivery,3.0,2.0,2/17/2016 23:35,2/20/2016 23:35,28292,PENDING_PAYMENT,South Asia,Bihar,Aurangabad,,Trade-In,Outdoors,41,15.98999977,3,15.98999977,11.98999977,35.97999954,Second Class,47.97000122,-57.56000137,35.97999954
1,Late delivery,5.0,2.0,7/25/2016 14:47,7/30/2016 14:47,39159,PAYMENT_REVIEW,West of USA ,Washington,Seattle,98103.0,Cleats,Apparel,17,59.99000168,3,59.99000168,23.39999962,156.5700073,Second Class,179.9700012,28.18000031,156.5700073
1,Late delivery,6.0,2.0,4/13/2016 10:12,4/19/2016 10:12,32090,PENDING_PAYMENT,West of USA ,California,San Francisco,94110.0,Tennis & Racquet,Fitness,6,44.99000168,3,44.99000168,20.25,114.7200012,Second Class,134.9700012,34.41999817,114.7200012
1,Shipping on time,2.0,2.0,5/20/2016 12:25,5/22/2016 12:25,34631,PENDING_PAYMENT,West of USA ,California,Oakland,94601.0,Cardio Equipment,Footwear,9,99.98999786,3,99.98999786,6.0,293.9700012,Second Class,299.9700012,-215.4799957,293.9700012
1,Late delivery,5.0,2.0,7/3/2016 20:46,7/8/2016 20:46,37669,PENDING_PAYMENT,East of USA,Nueva York,New York City,10009.0,Cardio Equipment,Footwear,9,99.98999786,3,99.98999786,21.0,278.9700012,Second Class,299.9700012,72.52999878,278.9700012
1,Late delivery,5.0,2.0,7/3/2016 20:46,7/8/2016 20:46,37669,PENDING_PAYMENT,East of USA,Nueva York,New York City,10009.0,Cleats,Apparel,17,59.99000168,3,59.99000168,27.0,152.9700012,Second Class,179.9700012,53.54000092,152.9700012
1,Late delivery,4.0,2.0,5/22/2016 14:10,5/26/2016 14:10,34773,PENDING_PAYMENT,US Center ,Kansas,Overland Park,66212.0,Women's Apparel,Golf,24,50.0,3,50.0,4.5,145.5,Second Class,150.0,66.93000031,145.5
1,Late delivery,6.0,2.0,8/8/2016 3:12,8/14/2016 3:12,40085,PENDING_PAYMENT,South of  USA ,Carolina del Norte,Monroe,28110.0,Women's Apparel,Golf,24,50.0,3,50.0,10.5,139.5,Second Class,150.0,13.94999981,139.5
1,Late delivery,3.0,2.0,11/20/2016 21:38,11/23/2016 21:38,47262,PAYMENT_REVIEW,Southern Africa,Noroeste,Potchefstroom,,Cardio Equipment,Footwear,9,99.98999786,4,99.98999786,63.99000168,335.9700012,Second Class,399.9599915,59.13000107,335.9700012
1,Shipping on time,2.0,2.0,10/15/2016 12:55,10/17/2016 12:55,44771,PENDING_PAYMENT,Southern Africa,Cabo Occidental,Cape Town,,Electronics,Outdoors,37,31.98999977,4,31.98999977,5.119999886,122.8399963,Second Class,127.9599991,42.99000168,122.8399963
1,Late delivery,6.0,2.0,7/22/2015 17:56,7/28/2015 17:56,13890,PENDING_PAYMENT,Western Europe,Hesse,Wiesbaden,,Cardio Equipment,Footwear,9,99.98999786,4,99.98999786,4.0,395.9599915,Second Class,399.9599915,138.5899963,395.9599915
1,Shipping on time,2.0,2.0,9/7/2015 4:22,9/9/2015 4:22,17071,PENDING_PAYMENT,Western Europe,Languedoc-Rosellón-Mediodía-Pirineos,Montpellier,,Electronics,Footwear,13,31.98999977,4,31.98999977,1.279999971,126.6800003,Second Class,127.9599991,29.15803281379571,126.6800003
1,Shipping on time,2.0,2.0,6/15/2015 5:54,6/17/2015 5:54,11321,PENDING_PAYMENT,Western Europe,Bavaria,Munich,,Cardio Equipment,Footwear,9,99.98999786,4,99.98999786,8.0,391.9599915,Second Class,399.9599915,141.1100006,391.9599915
1,Late delivery,4.0,2.0,8/4/2017 2:31,8/8/2017 2:31,64813,PENDING_PAYMENT,Northern Europe,Inglaterra,Portsmouth,,Cleats,Apparel,17,59.99000168,4,59.99000168,12.0,227.9600067,Second Class,239.9600067,77.05000305,227.9600067
1,Late delivery,3.0,2.0,9/8/2015 12:15,9/11/2015 12:15,17162,PENDING_PAYMENT,Northern Europe,Inglaterra,Eastbourne,,Cleats,Apparel,17,59.99000168,4,59.99000168,38.38999939,201.5700073,Second Class,239.9600067,58.45000076,201.5700073
1,Late delivery,3.0,2.0,7/7/2015 5:31,7/10/2015 5:31,12827,PENDING_PAYMENT,Western Europe,Renania del Norte-Westfalia,Dortmund,,Cleats,Apparel,17,59.99000168,4,59.99000168,38.38999939,201.5700073,Second Class,239.9600067,17.73999977,201.5700073
1,Shipping on time,2.0,2.0,6/24/2015 5:21,6/26/2015 5:21,11936,PENDING_PAYMENT,Western Europe,Isla de Francia,Bobigny,,Women's Apparel,Golf,24,50.0,4,50.0,24.835652308644267,200.0,Second Class,200.0,-146.6000061,200.0
1,Late delivery,3.0,2.0,9/24/2017 13:08,9/27/2017 13:08,68337,PENDING_PAYMENT,Western Europe,Norte-Paso de Calais-Picardía,Lille,,Shop By Sport,Golf,29,39.99000168,4,39.99000168,3.200000048,156.7599945,Second Class,159.9600067,54.86999893,156.7599945
1,Shipping on time,2.0,2.0,10/29/2016 18:30,10/31/2016 18:30,45746,PENDING_PAYMENT,Eastern Europe,Giurgiu,Giurgiu,,Women's Apparel,Golf,24,50.0,4,50.0,10.0,190.0,Second Class,200.0,83.59999847,190.0
1,Late delivery,4.0,2.0,8/4/2017 2:31,8/8/2017 2:31,64813,PENDING_PAYMENT,Northern Europe,Inglaterra,Portsmouth,,Women's Apparel,Golf,24,50.0,4,50.0,11.0,189.0,Second Class,200.0,85.05000305,189.0
1,Shipping on time,2.0,2.0,7/20/2015 11:58,7/22/2015 11:58,13736,PENDING_PAYMENT,Northern Europe,Inglaterra,Tamworth,,Women's Apparel,Golf,24,50.0,4,50.0,14.0,186.0,Second Class,200.0,-148.8000031,186.0
1,Late delivery,3.0,2.0,12/25/2016 8:26,12/28/2016 8:26,49622,PENDING_PAYMENT,Eastern Europe,Lviv,Lviv,,Shop By Sport,Golf,29,39.99000168,4,39.99000168,14.39999962,145.5599976,Second Class,159.9600067,-33.91999817,145.5599976
1,Late delivery,5.0,2.0,10/11/2015 19:44,10/16/2015 19:44,19444,PENDING_PAYMENT,Northern Europe,Inglaterra,London,,Women's Apparel,Golf,24,50.0,4,50.0,20.0,180.0,Second Class,200.0,68.40000153,180.0
1,Shipping on time,2.0,2.0,7/22/2017 7:16,7/24/2017 7:16,63936,PENDING_PAYMENT,Western Europe,Isla de Francia,Drancy,,Shop By Sport,Golf,29,39.99000168,4,39.99000168,31.98999977,127.9700012,Second Class,159.9600067,37.11000061,127.9700012
1,Late delivery,3.0,2.0,12/25/2016 8:26,12/28/2016 8:26,49622,PENDING_PAYMENT,Eastern Europe,Lviv,Lviv,,Accessories,Outdoors,40,24.98999977,4,24.98999977,14.98999977,84.97000122,Second Class,99.95999908,-25.48999977,84.97000122
1,Shipping on time,2.0,2.0,1/27/2017 18:23,1/29/2017 18:23,51911,PENDING_PAYMENT,Central America,Guatemala,Villa Nueva,,Cardio Equipment,Footwear,9,99.98999786,4,99.98999786,4.0,395.9599915,Second Class,399.9599915,186.1000061,395.9599915
1,Late delivery,5.0,2.0,4/30/2017 3:21,5/5/2017 3:21,58239,PENDING_PAYMENT,Caribbean,Santo Domingo,Santo Domingo,,Cardio Equipment,Footwear,9,99.98999786,4,99.98999786,59.99000168,339.9700012,Second Class,399.9599915,38.41999817,339.9700012
1,Late delivery,4.0,2.0,4/7/2017 8:28,4/11/2017 8:28,56678,PENDING_PAYMENT,Central America,Michoacán,Hidalgo,,Cardio Equipment,Footwear,9,99.98999786,4,99.98999786,63.99000168,335.9700012,Second Class,399.9599915,131.0299988,335.9700012
1,Late delivery,3.0,2.0,2/15/2017 14:40,2/18/2017 14:40,53202,PENDING_PAYMENT,Central America,Guanajuato,Irapuato,,Cleats,Apparel,17,59.99000168,4,59.99000168,24.835652308644267,239.9600067,Second Class,239.9600067,93.58000183,239.9600067
1,Late delivery,4.0,2.0,5/7/2017 10:11,5/11/2017 10:11,58738,PENDING_PAYMENT,Central America,México,Ixtapaluca,,Cleats,Apparel,17,59.99000168,4,59.99000168,35.99000168,203.9700012,Second Class,239.9600067,-25.5,203.9700012
1,Late delivery,6.0,2.0,4/1/2017 6:02,4/7/2017 6:02,56260,PENDING_PAYMENT,Central America,Jalisco,Zapopan,,Cleats,Apparel,17,59.99000168,4,59.99000168,38.38999939,201.5700073,Second Class,239.9600067,98.76999664,201.5700073
1,Late delivery,3.0,2.0,3/15/2015 14:05,3/18/2015 14:05,5042,PENDING_PAYMENT,South America,São Paulo,São Paulo,,Women's Apparel,Golf,24,50.0,4,50.0,11.0,189.0,Second Class,200.0,90.72000122,189.0
1,Late delivery,3.0,2.0,2/15/2017 14:40,2/18/2017 14:40,53202,PENDING_PAYMENT,Central America,Guanajuato,Irapuato,,Shop By Sport,Golf,29,39.99000168,4,39.99000168,23.98999977,135.9700012,Second Class,159.9600067,61.18000031,135.9700012
1,Shipping on time,2.0,2.0,3/21/2017 7:37,3/23/2017 7:37,55511,PENDING_PAYMENT,Central America,Francisco Morazán,Tegucigalpa,,Women's Apparel,Golf,24,50.0,4,50.0,30.0,170.0,Second Class,200.0,-115.5999985,170.0
1,Late delivery,4.0,2.0,3/1/2017 3:05,3/5/2017 3:05,54128,PENDING_PAYMENT,South America,São Paulo,Mauá,,Electronics,Outdoors,37,51.99000168,4,51.99000168,4.159999847,203.8000031,Second Class,207.9600067,50.95000076,203.8000031
1,Late delivery,5.0,2.0,11/7/2015 2:22,11/12/2015 2:22,21244,PAYMENT_REVIEW,Eastern Asia,Heilongjiang,Mudanjiang,,Accessories,Outdoors,40,24.98999977,4,24.98999977,5.5,94.45999908,Second Class,99.95999908,-69.90000153,94.45999908
1,Late delivery,3.0,2.0,11/28/2016 1:18,12/1/2016 1:18,47752,PENDING_PAYMENT,Eastern Asia,Ulán Bator,Ulan Bator,,Cleats,Apparel,17,59.99000168,4,59.99000168,12.0,227.9600067,Second Class,239.9600067,14.13000011,227.9600067
1,Late delivery,5.0,2.0,4/1/2016 0:03,4/6/2016 0:03,31239,PENDING_PAYMENT,Oceania,Auckland,Manukau City,,Cleats,Apparel,17,59.99000168,4,59.99000168,24.0,215.9600067,Second Class,239.9600067,84.23000336,215.9600067
1,Late delivery,3.0,2.0,10/30/2016 3:37,11/2/2016 3:37,45772,PENDING_PAYMENT,South Asia,Qom,Qom,,Cleats,Apparel,17,59.99000168,4,59.99000168,43.18999863,196.7700043,Second Class,239.9600067,51.15999985,196.7700043
1,Shipping on time,2.0,2.0,12/26/2015 23:29,12/28/2015 23:29,24661,PENDING_PAYMENT,Oceania,Victoria,Melbourne,,Shop By Sport,Golf,29,39.99000168,4,39.99000168,6.400000095,153.5599976,Second Class,159.9600067,51.90000153,153.5599976
1,Late delivery,5.0,2.0,12/31/2016 15:47,1/5/2017 15:47,50054,PENDING_PAYMENT,West Asia,Estambul,Estambul,,Women's Apparel,Golf,24,50.0,4,50.0,8.0,192.0,Second Class,200.0,62.40000153,192.0
1,Late delivery,5.0,2.0,12/1/2015 14:56,12/6/2015 14:56,22924,PENDING_PAYMENT,Southeast Asia,Ciudad Ho Chi Minh,Ho Chi Minh City,,Shop By Sport,Golf,29,39.99000168,4,39.99000168,8.0,151.9600067,Second Class,159.9600067,3.799999952,151.9600067
1,Late delivery,3.0,2.0,11/16/2015 16:53,11/19/2015 16:53,21902,PENDING_PAYMENT,Southeast Asia,Rangún,Rangún,,Women's Apparel,Golf,24,50.0,4,50.0,11.0,189.0,Second Class,200.0,90.72000122,189.0
1,Late delivery,5.0,2.0,11/11/2015 7:58,11/16/2015 7:58,21534,PENDING_PAYMENT,Eastern Asia,Tokio,Tokio,,Shop By Sport,Golf,29,39.99000168,4,39.99000168,28.79000092,131.1699982,Second Class,159.9600067,13.11999989,131.1699982
1,Shipping on time,2.0,2.0,10/25/2016 14:39,10/27/2016 14:39,45461,PENDING_PAYMENT,West Asia,Bursa,Bursa,,Women's Apparel,Golf,24,50.0,4,50.0,36.0,164.0,Second Class,200.0,50.84000015,164.0
1,Late delivery,6.0,2.0,12/19/2015 15:58,12/25/2015 15:58,24160,PENDING_PAYMENT,Oceania,Australia Occidental,Perth,,Accessories,Outdoors,40,24.98999977,4,24.98999977,4.0,95.95999908,Second Class,99.95999908,-76.76999664,95.95999908
1,Late delivery,5.0,2.0,7/25/2016 14:47,7/30/2016 14:47,39159,PAYMENT_REVIEW,West of USA ,Washington,Seattle,98103.0,Women's Apparel,Golf,24,50.0,4,50.0,34.0,166.0,Second Class,200.0,76.36000061,166.0
1,Late delivery,3.0,2.0,4/13/2016 14:24,4/16/2016 14:24,32102,PENDING_PAYMENT,West of USA ,Colorado,Denver,80219.0,Electronics,Footwear,13,31.98999977,4,31.98999977,1.279999971,126.6800003,Second Class,127.9599991,36.74000168,126.6800003
1,Late delivery,4.0,2.0,7/5/2016 5:42,7/9/2016 5:42,37763,PENDING_PAYMENT,West of USA ,California,Los Angeles,90008.0,Cleats,Apparel,17,59.99000168,4,59.99000168,31.19000053,208.7700043,Second Class,239.9600067,102.2900009,208.7700043
1,Late delivery,3.0,2.0,7/6/2016 18:08,7/9/2016 18:08,37867,PENDING_PAYMENT,US Center ,Texas,Houston,77095.0,Cleats,Apparel,17,59.99000168,4,59.99000168,47.99000168,191.9700012,Second Class,239.9600067,95.98000336,191.9700012
1,Late delivery,6.0,2.0,4/10/2016 17:23,4/16/2016 17:23,31905,PENDING_PAYMENT,East of USA,Pensilvania,Philadelphia,19134.0,Cleats,Apparel,17,59.99000168,4,59.99000168,59.99000168,179.9700012,Second Class,239.9600067,67.48999786,179.9700012
1,Late delivery,5.0,2.0,6/13/2016 10:17,6/18/2016 10:17,36269,PENDING_PAYMENT,South of  USA ,Florida,Jacksonville,32216.0,Cleats,Apparel,17,59.99000168,4,59.99000168,59.99000168,179.9700012,Second Class,239.9600067,-53.99000168,179.9700012
1,Late delivery,3.0,2.0,7/6/2016 18:08,7/9/2016 18:08,37867,PENDING_PAYMENT,US Center ,Texas,Houston,77095.0,Cleats,Apparel,17,59.99000168,4,59.99000168,59.99000168,179.9700012,Second Class,239.9600067,56.33000183,179.9700012
1,Late delivery,6.0,2.0,8/8/2016 3:12,8/14/2016 3:12,40085,PENDING_PAYMENT,South of  USA ,Carolina del Norte,Monroe,28110.0,Shop By Sport,Golf,29,39.99000168,4,39.99000168,14.39999962,145.5599976,Second Class,159.9600067,48.04000092,145.5599976
1,Late delivery,6.0,2.0,8/8/2016 3:12,8/14/2016 3:12,40085,PENDING_PAYMENT,South of  USA ,Carolina del Norte,Monroe,28110.0,Women's Apparel,Golf,24,50.0,4,50.0,30.0,170.0,Second Class,200.0,52.70000076,170.0
1,Late delivery,5.0,2.0,12/7/2016 3:12,12/12/2016 3:12,48374,PENDING_PAYMENT,Central Africa,Kinshasa,Kinshasa,,Cardio Equipment,Footwear,9,99.98999786,5,99.98999786,64.98999786,434.9599915,Second Class,499.9500122,-652.4299927,434.9599915
1,Late delivery,5.0,2.0,12/8/2016 0:14,12/13/2016 0:14,48434,PENDING_PAYMENT,North Africa,Gran Casablanca,Casablanca,,Women's Apparel,Golf,24,50.0,5,50.0,22.5,227.5,Second Class,250.0,76.90000153,227.5
1,Late delivery,5.0,2.0,9/16/2015 15:24,9/21/2015 15:24,17719,PENDING_PAYMENT,Southern Europe,Sicilia,Messina,,Cardio Equipment,Footwear,9,99.98999786,5,99.98999786,24.835652308644267,499.9500122,Second Class,499.9500122,174.9799957,499.9500122
1,Shipping on time,2.0,2.0,8/19/2015 3:10,8/21/2015 3:10,15766,PENDING_PAYMENT,Southern Europe,Apulia,Brindisi,,Cardio Equipment,Footwear,9,99.98999786,5,99.98999786,59.99000168,439.9599915,Second Class,499.9500122,114.3899994,439.9599915
1,Late delivery,5.0,2.0,6/27/2015 18:29,7/2/2015 18:29,12179,PENDING_PAYMENT,Western Europe,Hamburgo,Hamburgo,,Cleats,Apparel,17,59.99000168,5,59.99000168,9.0,290.9500122,Second Class,299.9500122,136.75,290.9500122
1,Late delivery,6.0,2.0,8/25/2017 10:44,8/31/2017 10:44,66275,PENDING_PAYMENT,Western Europe,Holanda Meridional,The Hague,,Cleats,Apparel,17,59.99000168,5,59.99000168,50.99000168,248.9600067,Second Class,299.9500122,18.67000008,248.9600067
1,Late delivery,6.0,2.0,7/11/2015 19:10,7/17/2015 19:10,13140,PENDING_PAYMENT,Western Europe,Viena,Viena,,Cleats,Apparel,17,59.99000168,5,59.99000168,50.99000168,248.9600067,Second Class,299.9500122,84.15000153,248.9600067
1,Late delivery,5.0,2.0,8/29/2015 0:42,9/3/2015 0:42,16444,PENDING_PAYMENT,Western Europe,Renania del Norte-Westfalia,Duisburg,,Cleats,Apparel,17,59.99000168,5,59.99000168,53.99000168,245.9600067,Second Class,299.9500122,-67.63999939,245.9600067
1,Shipping on time,2.0,2.0,8/19/2015 3:10,8/21/2015 3:10,15766,PENDING_PAYMENT,Southern Europe,Apulia,Brindisi,,Girls' Apparel,Golf,26,39.99000168,5,39.99000168,4.0,195.9499969,Second Class,199.9499969,50.95000076,195.9499969
1,Late delivery,6.0,2.0,8/7/2017 6:33,8/13/2017 6:33,65030,PENDING_PAYMENT,Western Europe,Países del Loira,Nantes,,Women's Apparel,Golf,24,50.0,5,50.0,22.5,227.5,Second Class,250.0,102.3799973,227.5
1,Late delivery,5.0,2.0,7/30/2015 23:31,8/4/2015 23:31,14454,PENDING_PAYMENT,Northern Europe,Inglaterra,Halifax,,Women's Apparel,Golf,24,50.0,5,50.0,25.0,225.0,Second Class,250.0,29.25,225.0
1,Shipping on time,2.0,2.0,7/20/2015 11:58,7/22/2015 11:58,13736,PENDING_PAYMENT,Northern Europe,Inglaterra,Tamworth,,Women's Apparel,Golf,24,50.0,5,50.0,25.0,225.0,Second Class,250.0,58.5,225.0
1,Late delivery,5.0,2.0,9/19/2017 7:43,9/24/2017 7:43,67979,PENDING_PAYMENT,Western Europe,Aquitania-Lemosín-Poitou-Charentes,La Rochelle,,Shop By Sport,Golf,29,39.99000168,5,39.99000168,20.0,179.9600067,Second Class,199.9499969,-33.83000183,179.9600067
1,Late delivery,6.0,2.0,8/7/2017 6:33,8/13/2017 6:33,65030,PENDING_PAYMENT,Western Europe,Países del Loira,Nantes,,Women's Apparel,Golf,24,50.0,5,50.0,25.0,225.0,Second Class,250.0,84.37999725,225.0
1,Late delivery,6.0,2.0,8/25/2017 10:44,8/31/2017 10:44,66275,PENDING_PAYMENT,Western Europe,Holanda Meridional,The Hague,,Women's Apparel,Golf,24,50.0,5,50.0,37.5,212.5,Second Class,250.0,-170.0,212.5
1,Late delivery,5.0,2.0,8/10/2017 16:32,8/15/2017 16:32,65264,PENDING_PAYMENT,Western Europe,Renania del Norte-Westfalia,Ratingen,,Women's Apparel,Golf,24,50.0,5,50.0,37.5,212.5,Second Class,250.0,78.62999725,212.5
1,Shipping on time,2.0,2.0,6/24/2015 5:21,6/26/2015 5:21,11936,PENDING_PAYMENT,Western Europe,Isla de Francia,Bobigny,,Girls' Apparel,Golf,26,70.0,5,70.0,59.5,290.5,Second Class,350.0,-72.62999725,290.5
1,Late delivery,6.0,2.0,7/22/2015 17:56,7/28/2015 17:56,13890,PENDING_PAYMENT,Western Europe,Hesse,Wiesbaden,,Women's Apparel,Golf,24,50.0,5,50.0,45.0,205.0,Second Class,250.0,-5.130000114,205.0
1,Shipping on time,2.0,2.0,1/17/2017 18:23,1/19/2017 18:23,51226,PENDING_PAYMENT,Eastern Europe,Galati,Galati,,Golf Balls,Outdoors,36,19.98999977,5,19.98999977,3.0,96.94999695,Second Class,99.94999695,25.20999908,96.94999695
1,Shipping on time,2.0,2.0,2/6/2017 11:21,2/8/2017 11:21,52576,PAYMENT_REVIEW,Central America,Michoacán,Lázaro Cárdenas,,Women's Apparel,Golf,24,50.0,5,50.0,10.0,240.0,Second Class,250.0,112.8000031,240.0
1,Late delivery,3.0,2.0,2/15/2017 14:40,2/18/2017 14:40,53202,PENDING_PAYMENT,Central America,Guanajuato,Irapuato,,Electronics,Footwear,13,31.98999977,5,31.98999977,1.600000024,158.3500061,Second Class,159.9499969,6.809999943,158.3500061
1,Late delivery,4.0,2.0,9/16/2017 0:32,9/20/2017 0:32,67753,COMPLETE,Western Europe,Güeldres,Arnhem,,Strength Training,Footwear,10,399.9899902,1,399.9899902,48.0,351.9899902,Second Class,399.9899902,105.5999985,351.9899902
1,Shipping on time,2.0,2.0,8/14/2015 2:18,8/16/2015 2:18,15421,COMPLETE,Southern Europe,Emilia-Romaña,Parma,,Cardio Equipment,Footwear,9,99.98999786,1,99.98999786,13.0,86.98999786,Second Class,99.98999786,40.88999939,86.98999786
1,Late delivery,6.0,2.0,7/13/2015 0:57,7/19/2015 0:57,13225,COMPLETE,Northern Europe,Uusimaa,Vantaa,,Electronics,Footwear,13,27.98999977,1,27.98999977,4.480000019,23.51000023,Second Class,27.98999977,-1.389999986,23.51000023
1,Late delivery,3.0,2.0,11/7/2017 16:56,11/10/2017 16:56,71362,COMPLETE,Southern Europe,Lacio,Rome,,Crafts,Apparel,66,461.480011,1,461.480011,24.835652308644267,461.480011,Second Class,461.480011,144.4400024,461.480011
1,Late delivery,3.0,2.0,7/13/2015 3:24,7/16/2015 3:24,13232,COMPLETE,Southern Europe,Véneto,Vicenza,,Men's Footwear,Apparel,18,129.9900055,1,129.9900055,24.835652308644267,129.9900055,Second Class,129.9900055,48.09999847,129.9900055
1,Late delivery,4.0,2.0,9/16/2017 0:32,9/20/2017 0:32,67753,COMPLETE,Western Europe,Güeldres,Arnhem,,Cleats,Apparel,17,299.9899902,1,299.9899902,24.835652308644267,299.9899902,Second Class,299.9899902,144.0,299.9899902
1,Late delivery,5.0,2.0,10/2/2017 11:01,10/7/2017 11:01,68879,COMPLETE,Western Europe,Isla de Francia,Villeneuve-le-Roi,,Men's Footwear,Apparel,18,129.9900055,1,129.9900055,24.835652308644267,129.9900055,Second Class,129.9900055,11.18000031,129.9900055
1,Late delivery,3.0,2.0,8/13/2017 22:39,8/16/2017 22:39,65487,COMPLETE,Western Europe,Norte-Paso de Calais-Picardía,Wattrelos,,Men's Footwear,Apparel,18,129.9900055,1,129.9900055,24.835652308644267,129.9900055,Second Class,129.9900055,-9.75,129.9900055
1,Late delivery,6.0,2.0,8/8/2017 8:49,8/14/2017 8:49,65105,COMPLETE,Western Europe,Renania del Norte-Westfalia,Duisburg,,Men's Footwear,Apparel,18,129.9900055,1,129.9900055,24.835652308644267,129.9900055,Second Class,129.9900055,-23.79000092,129.9900055
1,Late delivery,3.0,2.0,8/5/2015 13:42,8/8/2015 13:42,14837,COMPLETE,Western Europe,Hamburgo,Hamburgo,,Men's Footwear,Apparel,18,129.9900055,1,129.9900055,24.835652308644267,129.9900055,Second Class,129.9900055,24.44000053,129.9900055
1,Late delivery,5.0,2.0,11/5/2016 17:58,11/10/2016 17:58,46224,COMPLETE,Eastern Europe,Yaroslavl,Yaroslavl,,Cleats,Apparel,17,59.99000168,1,59.99000168,0.600000024,59.38999939,Second Class,59.99000168,29.70000076,59.38999939
1,Late delivery,3.0,2.0,11/5/2017 14:08,11/8/2017 14:08,71217,COMPLETE,Northern Europe,Inglaterra,London,,Crafts,Apparel,66,461.480011,1,461.480011,4.610000134,456.8699951,Second Class,461.480011,114.2200012,456.8699951
1,Late delivery,3.0,2.0,7/22/2017 19:53,7/25/2017 19:53,63972,COMPLETE,Northern Europe,Inglaterra,Hastings,,Men's Footwear,Apparel,18,129.9900055,1,129.9900055,1.299999952,128.6900024,Second Class,129.9900055,61.77000046,128.6900024
1,Late delivery,6.0,2.0,10/8/2015 6:15,10/14/2015 6:15,19200,COMPLETE,Northern Europe,Inglaterra,Sheffield,,Men's Footwear,Apparel,18,129.9900055,1,129.9900055,1.299999952,128.6900024,Second Class,129.9900055,16.72999954,128.6900024
1,Late delivery,5.0,2.0,9/20/2015 21:00,9/25/2015 21:00,18009,COMPLETE,Northern Europe,Inglaterra,Lowestoft,,Men's Footwear,Apparel,18,129.9900055,1,129.9900055,1.299999952,128.6900024,Second Class,129.9900055,16.72999954,128.6900024
1,Shipping on time,2.0,2.0,6/8/2015 2:13,6/10/2015 2:13,10831,COMPLETE,Northern Europe,Finlandia del Sudoeste,Turku,,Men's Footwear,Apparel,18,129.9900055,1,129.9900055,1.299999952,128.6900024,Second Class,129.9900055,-11.0699997,128.6900024
1,Late delivery,3.0,2.0,9/21/2017 4:33,9/24/2017 4:33,68107,COMPLETE,Southern Europe,País Vasco,San Sebastian,,Men's Footwear,Apparel,18,129.9900055,1,129.9900055,1.299999952,128.6900024,Second Class,129.9900055,-90.08000183,128.6900024
1,Shipping on time,2.0,2.0,8/14/2015 2:18,8/16/2015 2:18,15421,COMPLETE,Southern Europe,Emilia-Romaña,Parma,,Men's Footwear,Apparel,18,129.9900055,1,129.9900055,1.299999952,128.6900024,Second Class,129.9900055,46.70999908,128.6900024
1,Shipping on time,2.0,2.0,11/6/2017 9:03,11/8/2017 9:03,71271,COMPLETE,Western Europe,Isla de Francia,Montreuil,,Crafts,Apparel,66,461.480011,1,461.480011,4.610000134,456.8699951,Second Class,461.480011,22.84000015,456.8699951
1,Late delivery,5.0,2.0,10/2/2017 11:01,10/7/2017 11:01,68879,COMPLETE,Western Europe,Isla de Francia,Villeneuve-le-Roi,,Men's Footwear,Apparel,18,129.9900055,1,129.9900055,1.299999952,128.6900024,Second Class,129.9900055,34.75,128.6900024
1,Late delivery,3.0,2.0,8/13/2017 22:39,8/16/2017 22:39,65487,COMPLETE,Western Europe,Norte-Paso de Calais-Picardía,Wattrelos,,Men's Footwear,Apparel,18,129.9900055,1,129.9900055,1.299999952,128.6900024,Second Class,129.9900055,41.8199997,128.6900024
1,Late delivery,4.0,2.0,9/5/2015 11:02,9/9/2015 11:02,16953,COMPLETE,Western Europe,Renania del Norte-Westfalia,Remscheid,,Men's Footwear,Apparel,18,129.9900055,1,129.9900055,1.299999952,128.6900024,Second Class,129.9900055,34.75,128.6900024
1,Late delivery,5.0,2.0,12/25/2016 23:09,12/30/2016 23:09,49664,COMPLETE,Eastern Europe,Bashkortostán,Sterlitamak,,Cleats,Apparel,17,59.99000168,1,59.99000168,1.200000048,58.79000092,Second Class,59.99000168,-103.8799973,58.79000092
1,Shipping on time,2.0,2.0,8/29/2015 1:24,8/31/2015 1:24,16446,COMPLETE,Northern Europe,Inglaterra,Exeter,,Men's Footwear,Apparel,18,129.9900055,1,129.9900055,2.599999905,127.3899994,Second Class,129.9900055,53.5,127.3899994
1,Shipping on time,2.0,2.0,6/8/2015 2:13,6/10/2015 2:13,10831,COMPLETE,Northern Europe,Finlandia del Sudoeste,Turku,,Men's Footwear,Apparel,18,129.9900055,1,129.9900055,2.599999905,127.3899994,Second Class,129.9900055,12.73999977,127.3899994
1,Late delivery,6.0,2.0,8/7/2015 8:48,8/13/2015 8:48,14960,COMPLETE,Western Europe,Provenza-Alpes-Costa Azul,Nice,,Cleats,Apparel,17,59.99000168,1,59.99000168,1.200000048,58.79000092,Second Class,59.99000168,-45.09000015,58.79000092
1,Late delivery,6.0,2.0,9/20/2015 19:36,9/26/2015 19:36,18005,COMPLETE,Northern Europe,Inglaterra,Lowestoft,,Men's Footwear,Apparel,18,129.9900055,1,129.9900055,3.900000095,126.0899963,Second Class,129.9900055,63.04999924,126.0899963
1,Shipping on time,2.0,2.0,6/8/2015 2:13,6/10/2015 2:13,10831,COMPLETE,Northern Europe,Finlandia del Sudoeste,Turku,,Men's Footwear,Apparel,18,129.9900055,1,129.9900055,3.900000095,126.0899963,Second Class,129.9900055,-79.8199997,126.0899963
1,Late delivery,5.0,2.0,7/6/2015 21:27,7/11/2015 21:27,12804,COMPLETE,Southern Europe,Emilia-Romaña,Parma,,Cleats,Apparel,17,59.99000168,1,59.99000168,1.799999952,58.18999863,Second Class,59.99000168,15.13000011,58.18999863
1,Shipping on time,2.0,2.0,8/2/2015 20:32,8/4/2015 20:32,14651,COMPLETE,Western Europe,Languedoc-Rosellón-Mediodía-Pirineos,Pamiers,,Men's Footwear,Apparel,18,129.9900055,1,129.9900055,3.900000095,126.0899963,Second Class,129.9900055,32.77999878,126.0899963
1,Late delivery,6.0,2.0,6/10/2015 9:56,6/16/2015 9:56,10990,COMPLETE,Western Europe,Hamburgo,Hamburgo,,Men's Footwear,Apparel,18,129.9900055,1,129.9900055,3.900000095,126.0899963,Second Class,129.9900055,37.83000183,126.0899963
1,Late delivery,5.0,2.0,8/15/2017 17:24,8/20/2017 17:24,65609,COMPLETE,Western Europe,Holanda Meridional,Dordrecht,,Men's Footwear,Apparel,18,129.9900055,1,129.9900055,5.199999809,124.7900009,Second Class,129.9900055,52.40999985,124.7900009
1,Late delivery,4.0,2.0,9/18/2015 23:06,9/22/2015 23:06,17878,COMPLETE,Western Europe,Provenza-Alpes-Costa Azul,Marseille,,Men's Footwear,Apparel,18,129.9900055,1,129.9900055,5.199999809,124.7900009,Second Class,129.9900055,12.47999954,124.7900009
1,Late delivery,4.0,2.0,9/6/2015 2:48,9/10/2015 2:48,16998,COMPLETE,Western Europe,Holanda Septentrional,Amsterdam,,Men's Footwear,Apparel,18,129.9900055,1,129.9900055,5.199999809,124.7900009,Second Class,129.9900055,-90.47000122,124.7900009
1,Late delivery,6.0,2.0,7/23/2015 21:57,7/29/2015 21:57,13970,COMPLETE,Western Europe,Alsacia-Champaña-Ardenas-Lorena,Strasbourg,,Men's Footwear,Apparel,18,129.9900055,1,129.9900055,5.199999809,124.7900009,Second Class,129.9900055,54.90999985,124.7900009
1,Late delivery,6.0,2.0,6/10/2015 9:56,6/16/2015 9:56,10990,COMPLETE,Western Europe,Hamburgo,Hamburgo,,Men's Footwear,Apparel,18,129.9900055,1,129.9900055,5.199999809,124.7900009,Second Class,129.9900055,-28.07999992,124.7900009
1,Late delivery,5.0,2.0,7/18/2015 17:14,7/23/2015 17:14,13614,COMPLETE,Western Europe,Holanda Meridional,Alphen aan den Rijn,,Cleats,Apparel,17,59.99000168,1,59.99000168,3.0,56.99000168,Second Class,59.99000168,21.37000084,56.99000168
1,Late delivery,4.0,2.0,10/9/2016 22:44,10/13/2016 22:44,44388,COMPLETE,Eastern Europe,Lublin,Lublin,,Men's Footwear,Apparel,18,129.9900055,1,129.9900055,7.150000095,122.8399963,Second Class,129.9900055,56.50999832,122.8399963
1,Late delivery,6.0,2.0,7/10/2015 11:38,7/16/2015 11:38,13050,COMPLETE,Northern Europe,Estocolmo,Estocolmo,,Cleats,Apparel,17,59.99000168,1,59.99000168,3.299999952,56.68999863,Second Class,59.99000168,28.35000038,56.68999863
1,Late delivery,4.0,2.0,7/4/2015 2:32,7/8/2015 2:32,12613,COMPLETE,Northern Europe,Dublín,Dublín,,Men's Footwear,Apparel,18,129.9900055,1,129.9900055,7.150000095,122.8399963,Second Class,129.9900055,-24.5699997,122.8399963
1,Late delivery,3.0,2.0,8/30/2017 0:02,9/2/2017 0:02,66587,COMPLETE,Southern Europe,Madrid,Madrid,,Men's Footwear,Apparel,18,129.9900055,1,129.9900055,7.150000095,122.8399963,Second Class,129.9900055,58.95999908,122.8399963
1,Late delivery,6.0,2.0,7/5/2017 15:32,7/11/2017 15:32,62795,COMPLETE,Western Europe,Provenza-Alpes-Costa Azul,Six-Fours-les-Plages,,Men's Footwear,Apparel,18,129.9900055,1,129.9900055,7.150000095,122.8399963,Second Class,129.9900055,7.739999771,122.8399963
1,Late delivery,6.0,2.0,10/4/2015 14:40,10/10/2015 14:40,18950,COMPLETE,Western Europe,Bretaña,Rennes,,Men's Footwear,Apparel,18,129.9900055,1,129.9900055,7.150000095,122.8399963,Second Class,129.9900055,55.27999878,122.8399963
1,Late delivery,6.0,2.0,10/14/2015 5:54,10/20/2015 5:54,19610,COMPLETE,Southern Europe,Toscana,Capannori,,Men's Footwear,Apparel,18,129.9900055,1,129.9900055,9.100000381,120.8899994,Second Class,129.9900055,42.31000137,120.8899994
1,Shipping on time,2.0,2.0,8/6/2017 23:53,8/8/2017 23:53,65011,COMPLETE,Western Europe,Baden-Wurtemberg,Reutlingen,,Men's Footwear,Apparel,18,129.9900055,1,129.9900055,9.100000381,120.8899994,Second Class,129.9900055,42.31000137,120.8899994
1,Late delivery,6.0,2.0,10/10/2015 21:19,10/16/2015 21:19,19380,COMPLETE,Western Europe,Isla de Francia,Palaiseau,,Men's Footwear,Apparel,18,129.9900055,1,129.9900055,9.100000381,120.8899994,Second Class,129.9900055,36.27000046,120.8899994
1,Late delivery,6.0,2.0,8/6/2017 21:47,8/12/2017 21:47,65005,COMPLETE,Northern Europe,Inglaterra,Redditch,,Men's Footwear,Apparel,18,129.9900055,1,129.9900055,11.69999981,118.2900009,Second Class,129.9900055,28.38999939,118.2900009
1,Late delivery,6.0,2.0,10/21/2015 4:19,10/27/2015 4:19,20085,COMPLETE,Northern Europe,Inglaterra,Leeds,,Men's Footwear,Apparel,18,129.9900055,1,129.9900055,11.69999981,118.2900009,Second Class,129.9900055,-90.73000336,118.2900009
1,Late delivery,6.0,2.0,9/24/2015 7:41,9/30/2015 7:41,18245,COMPLETE,Northern Europe,Inglaterra,Plymouth,,Men's Footwear,Apparel,18,129.9900055,1,129.9900055,11.69999981,118.2900009,Second Class,129.9900055,36.66999817,118.2900009
1,Late delivery,6.0,2.0,9/17/2015 23:17,9/23/2015 23:17,17810,COMPLETE,Northern Europe,Estocolmo,Estocolmo,,Men's Footwear,Apparel,18,129.9900055,1,129.9900055,11.69999981,118.2900009,Second Class,129.9900055,8.869999886,118.2900009
1,Late delivery,3.0,2.0,10/17/2015 6:25,10/20/2015 6:25,19817,COMPLETE,Southern Europe,Cataluña,Barcelona,,Men's Footwear,Apparel,18,129.9900055,1,129.9900055,11.69999981,118.2900009,Second Class,129.9900055,54.40999985,118.2900009
1,Late delivery,5.0,2.0,6/2/2015 10:38,6/7/2015 10:38,10444,COMPLETE,Southern Europe,Cataluña,Castelldefels,,Men's Footwear,Apparel,18,129.9900055,1,129.9900055,11.69999981,118.2900009,Second Class,129.9900055,33.11999893,118.2900009
1,Late delivery,3.0,2.0,8/1/2017 12:52,8/4/2017 12:52,64637,COMPLETE,Northern Europe,Inglaterra,London,,Men's Footwear,Apparel,18,129.9900055,1,129.9900055,13.0,116.9899979,Second Class,129.9900055,56.15999985,116.9899979
1,Late delivery,5.0,2.0,8/11/2015 21:03,8/16/2015 21:03,15269,COMPLETE,Northern Europe,Oslo,Oslo,,Men's Footwear,Apparel,18,129.9900055,1,129.9900055,13.0,116.9899979,Second Class,129.9900055,32.75999832,116.9899979
1,Late delivery,5.0,2.0,7/25/2015 6:53,7/30/2015 6:53,14064,COMPLETE,Northern Europe,Inglaterra,Birmingham,,Men's Footwear,Apparel,18,129.9900055,1,129.9900055,13.0,116.9899979,Second Class,129.9900055,16.37999916,116.9899979
1,Shipping on time,2.0,2.0,8/1/2015 9:30,8/3/2015 9:30,14551,COMPLETE,Western Europe,Holanda Septentrional,Amsterdam,,Cleats,Apparel,17,59.99000168,1,59.99000168,6.0,53.99000168,Second Class,59.99000168,17.8199997,53.99000168
1,Late delivery,4.0,2.0,7/5/2015 8:19,7/9/2015 8:19,12698,COMPLETE,Western Europe,Norte-Paso de Calais-Picardía,Hautmont,,Cleats,Apparel,17,59.99000168,1,59.99000168,6.0,53.99000168,Second Class,59.99000168,-80.98999786,53.99000168
1,Late delivery,4.0,2.0,11/28/2016 3:24,12/2/2016 3:24,47758,COMPLETE,Eastern Europe,Banská Bystrica,Banska Bystrica,,Men's Footwear,Apparel,18,129.9900055,1,129.9900055,15.60000038,114.3899994,Second Class,129.9900055,29.73999977,114.3899994
1,Late delivery,6.0,2.0,9/22/2017 20:09,9/28/2017 20:09,68220,COMPLETE,Northern Europe,Estocolmo,Nacka,,Men's Footwear,Apparel,18,129.9900055,1,129.9900055,15.60000038,114.3899994,Second Class,129.9900055,7.210000038,114.3899994
1,Late delivery,6.0,2.0,8/4/2015 0:13,8/10/2015 0:13,14730,COMPLETE,Northern Europe,Inglaterra,West Bromwich,,Men's Footwear,Apparel,18,129.9900055,1,129.9900055,15.60000038,114.3899994,Second Class,129.9900055,33.16999817,114.3899994
1,Shipping on time,2.0,2.0,8/27/2017 10:22,8/29/2017 10:22,66411,COMPLETE,Southern Europe,Lombardía,Milan,,Men's Footwear,Apparel,18,129.9900055,1,129.9900055,15.60000038,114.3899994,Second Class,129.9900055,56.04999924,114.3899994
1,Late delivery,6.0,2.0,7/2/2015 23:13,7/8/2015 23:13,12535,COMPLETE,Southern Europe,Lacio,Rome,,Men's Footwear,Apparel,18,129.9900055,1,129.9900055,15.60000038,114.3899994,Second Class,129.9900055,-34.3199997,114.3899994
1,Late delivery,3.0,2.0,9/15/2017 10:10,9/18/2017 10:10,67712,COMPLETE,Western Europe,Norte-Paso de Calais-Picardía,Lille,,Men's Footwear,Apparel,18,129.9900055,1,129.9900055,15.60000038,114.3899994,Second Class,129.9900055,53.75999832,114.3899994
1,Late delivery,4.0,2.0,9/29/2015 9:36,10/3/2015 9:36,18593,COMPLETE,Northern Europe,Inglaterra,Basingstoke,,Men's Footwear,Apparel,18,129.9900055,1,129.9900055,16.89999962,113.0899963,Second Class,129.9900055,36.75,113.0899963
1,Late delivery,5.0,2.0,9/19/2015 9:58,9/24/2015 9:58,17909,COMPLETE,Northern Europe,Inglaterra,London,,Men's Footwear,Apparel,18,129.9900055,1,129.9900055,16.89999962,113.0899963,Second Class,129.9900055,30.53000069,113.0899963
1,Late delivery,3.0,2.0,8/26/2015 22:57,8/29/2015 22:57,16302,COMPLETE,Northern Europe,Inglaterra,Littlehampton,,Men's Footwear,Apparel,18,129.9900055,1,129.9900055,16.89999962,113.0899963,Second Class,129.9900055,-33.93000031,113.0899963
1,Late delivery,6.0,2.0,8/4/2015 0:13,8/10/2015 0:13,14730,COMPLETE,Northern Europe,Inglaterra,West Bromwich,,Men's Footwear,Apparel,18,129.9900055,1,129.9900055,16.89999962,113.0899963,Second Class,129.9900055,42.40999985,113.0899963
1,Late delivery,4.0,2.0,7/14/2015 18:17,7/18/2015 18:17,13343,COMPLETE,Northern Europe,Inglaterra,London,,Men's Footwear,Apparel,18,129.9900055,1,129.9900055,16.89999962,113.0899963,Second Class,129.9900055,33.93000031,113.0899963
1,Late delivery,3.0,2.0,6/25/2017 18:00,6/28/2017 18:00,62117,COMPLETE,Southern Europe,Andalucía,Seville,,Cleats,Apparel,17,59.99000168,1,59.99000168,7.800000191,52.18999863,Second Class,59.99000168,-8.720000267,52.18999863
1,Late delivery,3.0,2.0,7/3/2017 8:10,7/6/2017 8:10,62637,COMPLETE,Southern Europe,Piamonte,Moncalieri,,Men's Footwear,Apparel,18,129.9900055,1,129.9900055,16.89999962,113.0899963,Second Class,129.9900055,52.02000046,113.0899963
1,Late delivery,6.0,2.0,9/17/2017 8:46,9/23/2017 8:46,67845,COMPLETE,Western Europe,Alsacia-Champaña-Ardenas-Lorena,Reims,,Men's Footwear,Apparel,18,129.9900055,1,129.9900055,16.89999962,113.0899963,Second Class,129.9900055,-33.93000031,113.0899963
1,Late delivery,3.0,2.0,9/15/2017 10:10,9/18/2017 10:10,67712,COMPLETE,Western Europe,Norte-Paso de Calais-Picardía,Lille,,Men's Footwear,Apparel,18,129.9900055,1,129.9900055,16.89999962,113.0899963,Second Class,129.9900055,36.75,113.0899963
1,Late delivery,5.0,2.0,6/13/2015 14:39,6/18/2015 14:39,11209,COMPLETE,Western Europe,Lieja,Seraing,,Men's Footwear,Apparel,18,129.9900055,1,129.9900055,16.89999962,113.0899963,Second Class,129.9900055,35.40000153,113.0899963
1,Late delivery,5.0,2.0,8/28/2016 16:50,9/2/2016 16:50,41494,COMPLETE,Eastern Europe,Donetsk,Kramators'k,,Cleats,Apparel,17,59.99000168,1,59.99000168,9.0,50.99000168,Second Class,59.99000168,14.27999973,50.99000168
1,Late delivery,4.0,2.0,9/29/2015 9:36,10/3/2015 9:36,18593,COMPLETE,Northern Europe,Inglaterra,Basingstoke,,Men's Footwear,Apparel,18,129.9900055,1,129.9900055,19.5,110.4899979,Second Class,129.9900055,28.72999954,110.4899979
1,Late delivery,4.0,2.0,7/14/2015 18:17,7/18/2015 18:17,13343,COMPLETE,Northern Europe,Inglaterra,London,,Men's Footwear,Apparel,18,129.9900055,1,129.9900055,19.5,110.4899979,Second Class,129.9900055,27.62000084,110.4899979
1,Late delivery,3.0,2.0,7/3/2017 8:10,7/6/2017 8:10,62637,COMPLETE,Southern Europe,Piamonte,Moncalieri,,Men's Footwear,Apparel,18,129.9900055,1,129.9900055,19.5,110.4899979,Second Class,129.9900055,13.26000023,110.4899979
1,Late delivery,5.0,2.0,10/19/2017 11:10,10/24/2017 11:10,70044,COMPLETE,Western Europe,Schleswig-Holstein,Kiel,,Children's Clothing,Apparel,63,357.1000061,1,357.1000061,53.5699997,303.5400085,Second Class,357.1000061,145.6999969,303.5400085
1,Late delivery,4.0,2.0,9/16/2017 0:32,9/20/2017 0:32,67753,COMPLETE,Western Europe,Güeldres,Arnhem,,Men's Footwear,Apparel,18,129.9900055,1,129.9900055,19.5,110.4899979,Second Class,129.9900055,37.34999847,110.4899979
1,Late delivery,3.0,2.0,8/31/2015 13:19,9/3/2015 13:19,16617,COMPLETE,Western Europe,Isla de Francia,Montreuil,,Men's Footwear,Apparel,18,129.9900055,1,129.9900055,19.5,110.4899979,Second Class,129.9900055,35.90999985,110.4899979
1,Late delivery,5.0,2.0,8/1/2015 17:34,8/6/2015 17:34,14574,COMPLETE,Western Europe,Renania del Norte-Westfalia,Dortmund,,Men's Footwear,Apparel,18,129.9900055,1,129.9900055,19.5,110.4899979,Second Class,129.9900055,50.83000183,110.4899979
1,Late delivery,4.0,2.0,7/5/2015 8:19,7/9/2015 8:19,12698,COMPLETE,Western Europe,Norte-Paso de Calais-Picardía,Hautmont,,Men's Footwear,Apparel,18,129.9900055,1,129.9900055,19.5,110.4899979,Second Class,129.9900055,30.94000053,110.4899979
1,Late delivery,5.0,2.0,8/16/2015 16:40,8/21/2015 16:40,15599,COMPLETE,Northern Europe,Inglaterra,Sunderland,,Men's Footwear,Apparel,18,129.9900055,1,129.9900055,20.79999924,109.1900024,Second Class,129.9900055,34.18000031,109.1900024
1,Late delivery,4.0,2.0,7/14/2015 18:17,7/18/2015 18:17,13343,COMPLETE,Northern Europe,Inglaterra,London,,Men's Footwear,Apparel,18,129.9900055,1,129.9900055,20.79999924,109.1900024,Second Class,129.9900055,49.13999939,109.1900024
1,Late delivery,3.0,2.0,10/20/2015 23:45,10/23/2015 23:45,20072,COMPLETE,Southern Europe,Lacio,Rome,,Men's Footwear,Apparel,18,129.9900055,1,129.9900055,20.79999924,109.1900024,Second Class,129.9900055,29.47999954,109.1900024
1,Late delivery,4.0,2.0,6/29/2015 20:56,7/3/2015 20:56,12323,COMPLETE,Western Europe,Bavaria,Augsburg,,Cleats,Apparel,17,59.99000168,1,59.99000168,9.600000381,50.38999939,Second Class,59.99000168,13.60999966,50.38999939
1,Late delivery,6.0,2.0,11/6/2017 17:27,11/12/2017 17:27,71295,COMPLETE,Western Europe,Aquitania-Lemosín-Poitou-Charentes,Cognac,,Crafts,Apparel,66,461.480011,1,461.480011,73.83999634,387.6400146,Second Class,461.480011,145.3699951,387.6400146
1,Shipping on time,2.0,2.0,8/26/2017 13:21,8/28/2017 13:21,66351,COMPLETE,Western Europe,Renania del Norte-Westfalia,Castrop-Rauxel,,Men's Footwear,Apparel,18,129.9900055,1,129.9900055,20.79999924,109.1900024,Second Class,129.9900055,32.75999832,109.1900024
1,Late delivery,4.0,2.0,7/5/2015 8:19,7/9/2015 8:19,12698,COMPLETE,Western Europe,Norte-Paso de Calais-Picardía,Hautmont,,Men's Footwear,Apparel,18,129.9900055,1,129.9900055,20.79999924,109.1900024,Second Class,129.9900055,29.15803281379571,109.1900024
1,Late delivery,4.0,2.0,10/6/2016 10:39,10/10/2016 10:39,44148,COMPLETE,Eastern Europe,Silesia,Bytom,,Men's Footwear,Apparel,18,129.9900055,1,129.9900055,22.10000038,107.8899994,Second Class,129.9900055,32.36999893,107.8899994
1,Late delivery,6.0,4.0,2/20/2017 13:05,2/26/2017 13:05,53540,PROCESSING,Central America,Durango,Durango,,Cleats,Apparel,17,59.99000168,5,59.99000168,16.5,283.4500122,Standard Class,299.9500122,127.5500031,283.4500122
1,Late delivery,5.0,4.0,2/13/2017 16:05,2/18/2017 16:05,53069,PROCESSING,South America,Pichincha,Quito,,Cleats,Apparel,17,59.99000168,5,59.99000168,27.0,272.9500122,Standard Class,299.9500122,5.460000038,272.9500122
1,Late delivery,6.0,4.0,4/20/2017 8:59,4/26/2017 8:59,57570,PROCESSING,Caribbean,Santo Domingo,Santo Domingo,,Cleats,Apparel,17,59.99000168,5,59.99000168,30.0,269.9599915,Standard Class,299.9500122,2.700000048,269.9599915
1,Late delivery,5.0,4.0,3/17/2015 5:19,3/22/2015 5:19,5154,PROCESSING,Central America,Francisco Morazán,Tegucigalpa,,Cleats,Apparel,17,59.99000168,5,59.99000168,35.99000168,263.9599915,Standard Class,299.9500122,108.2200012,263.9599915
1,Advance shipping,3.0,4.0,5/14/2015 3:29,5/17/2015 3:29,9122,PROCESSING,South America,Espíritu Santo,Serra,,Cleats,Apparel,17,59.99000168,5,59.99000168,35.99000168,263.9599915,Standard Class,299.9500122,95.01999664,263.9599915
1,Advance shipping,3.0,4.0,3/6/2015 14:37,3/9/2015 14:37,4427,PROCESSING,Central America,Francisco Morazán,Tegucigalpa,,Cleats,Apparel,17,59.99000168,5,59.99000168,38.99000168,260.9599915,Standard Class,299.9500122,49.06000137,260.9599915
1,Late delivery,6.0,4.0,5/17/2015 7:52,5/23/2015 7:52,9340,PROCESSING,Central America,Managua,Managua,,Cleats,Apparel,17,59.99000168,5,59.99000168,44.99000168,254.9600067,Standard Class,299.9500122,71.38999939,254.9600067
1,Advance shipping,2.0,4.0,5/17/2015 4:42,5/19/2015 4:42,9331,PROCESSING,Caribbean,Santiago de Chile,Santiago de los Caballeros,,Cleats,Apparel,17,59.99000168,5,59.99000168,47.99000168,251.9600067,Standard Class,299.9500122,47.86999893,251.9600067
1,Late delivery,6.0,4.0,5/1/2017 5:59,5/7/2017 5:59,58315,PROCESSING,Central America,Guatemala,Villa Nueva,,Cleats,Apparel,17,59.99000168,5,59.99000168,50.99000168,248.9600067,Standard Class,299.9500122,28.12999916,248.9600067
1,Advance shipping,3.0,4.0,3/7/2017 14:39,3/10/2017 14:39,54572,PROCESSING,Central America,San Salvador,San Salvador,,Cleats,Apparel,17,59.99000168,5,59.99000168,74.98999786,224.9600067,Standard Class,299.9500122,62.99000168,224.9600067
1,Advance shipping,2.0,4.0,1/25/2017 8:34,1/27/2017 8:34,51746,PROCESSING,Caribbean,Pinar del Río,Pinar del Río,,Shop By Sport,Golf,29,39.99000168,5,39.99000168,24.835652308644267,199.9499969,Standard Class,199.9499969,59.99000168,199.9499969
1,Late delivery,5.0,4.0,3/4/2015 7:16,3/9/2015 7:16,4269,PROCESSING,Central America,Francisco Morazán,Tegucigalpa,,Women's Apparel,Golf,24,50.0,5,50.0,24.835652308644267,250.0,Standard Class,250.0,90.75,250.0
1,Advance shipping,2.0,4.0,6/14/2017 11:53,6/16/2017 11:53,61346,PROCESSING,South America,Santa Catarina,Araranguá,,Shop By Sport,Golf,29,39.99000168,5,39.99000168,24.835652308644267,199.9499969,Standard Class,199.9499969,34.99000168,199.9499969
1,Late delivery,5.0,4.0,1/30/2015 3:59,2/4/2015 3:59,1999,PROCESSING,Caribbean,Santiago de Chile,Santiago de los Caballeros,,Women's Apparel,Golf,24,50.0,5,50.0,2.5,247.5,Standard Class,250.0,24.75,247.5
1,Advance shipping,2.0,4.0,2/21/2017 1:42,2/23/2017 1:42,53576,PROCESSING,Central America,Chihuahua,Juárez,,Girls' Apparel,Golf,26,70.0,5,70.0,3.5,346.5,Standard Class,350.0,39.15000153,346.5
1,Advance shipping,3.0,4.0,4/14/2017 6:32,4/17/2017 6:32,57152,PROCESSING,Central America,Nuevo León,Monterrey,,Women's Apparel,Golf,24,50.0,5,50.0,5.0,245.0,Standard Class,250.0,-58.31000137,245.0
1,Late delivery,5.0,4.0,1/24/2017 7:21,1/29/2017 7:21,51674,PROCESSING,South America,Puno,Puno,,Girls' Apparel,Golf,26,25.0,5,25.0,2.5,122.5,Standard Class,125.0,42.88000107,122.5
1,Advance shipping,2.0,4.0,3/18/2017 18:18,3/20/2017 18:18,55336,PROCESSING,South America,São Paulo,São Paulo,,Shop By Sport,Golf,29,39.99000168,5,39.99000168,4.0,195.9499969,Standard Class,199.9499969,-36.84000015,195.9499969
1,Late delivery,6.0,4.0,2/24/2017 11:41,3/2/2017 11:41,53810,PROCESSING,South America,Santa Catarina,Navegantes,,Shop By Sport,Golf,29,39.99000168,5,39.99000168,4.0,195.9499969,Standard Class,199.9499969,7.449999809,195.9499969
1,Advance shipping,2.0,4.0,5/15/2017 15:25,5/17/2017 15:25,59301,PROCESSING,Central America,Distrito Federal,Mexico City,,Women's Apparel,Golf,24,50.0,5,50.0,10.0,240.0,Standard Class,250.0,48.0,240.0
1,Late delivery,6.0,4.0,5/3/2015 18:02,5/9/2015 18:02,8410,PROCESSING,Central America,Francisco Morazán,Tegucigalpa,,Women's Apparel,Golf,24,50.0,5,50.0,10.0,240.0,Standard Class,250.0,-52.08000183,240.0
1,Shipping on time,4.0,4.0,4/29/2015 13:29,5/3/2015 13:29,8123,PROCESSING,Central America,Tamaulipas,Tampico,,Women's Apparel,Golf,24,50.0,5,50.0,10.0,240.0,Standard Class,250.0,78.0,240.0
1,Advance shipping,3.0,4.0,6/3/2017 2:58,6/6/2017 2:58,60567,PROCESSING,South America,La Paz,La Paz,,Women's Apparel,Golf,24,50.0,5,50.0,12.5,237.5,Standard Class,250.0,116.3799973,237.5
1,Shipping on time,4.0,4.0,2/2/2015 3:27,2/6/2015 3:27,2203,PROCESSING,Central America,Guatemala,Villa Nueva,,Women's Apparel,Golf,24,50.0,5,50.0,13.75,236.25,Standard Class,250.0,42.52999878,236.25
1,Advance shipping,3.0,4.0,2/21/2015 11:18,2/24/2015 11:18,3527,PROCESSING,Central America,Matagalpa,Matagalpa,,Girls' Apparel,Golf,26,39.99000168,5,39.99000168,20.0,179.9600067,Standard Class,199.9499969,62.97999954,179.9600067
1,Shipping on time,4.0,4.0,2/5/2015 10:17,2/9/2015 10:17,2428,PROCESSING,Central America,San Salvador,Cuscatancingo,,Shop By Sport,Golf,29,39.99000168,5,39.99000168,25.98999977,173.9600067,Standard Class,199.9499969,58.79999924,173.9600067
1,Late delivery,5.0,4.0,3/16/2017 9:33,3/21/2017 9:33,55174,PROCESSING,Central America,Guatemala,Mixco,,Women's Apparel,Golf,24,50.0,5,50.0,32.5,217.5,Standard Class,250.0,-40.45999908,217.5
1,Advance shipping,3.0,4.0,4/12/2017 12:29,4/15/2017 12:29,57032,PROCESSING,South America,São Paulo,Americana,,Women's Apparel,Golf,24,50.0,5,50.0,32.5,217.5,Standard Class,250.0,38.27999878,217.5
1,Shipping on time,4.0,4.0,5/28/2015 14:41,6/1/2015 14:41,10113,PROCESSING,South America,Santa Catarina,Indaial,,Women's Apparel,Golf,24,50.0,5,50.0,32.5,217.5,Standard Class,250.0,27.19000053,217.5
1,Late delivery,6.0,4.0,2/1/2017 17:09,2/7/2017 17:09,52250,PROCESSING,Central America,Baja California,Tijuana,,Women's Apparel,Golf,24,50.0,5,50.0,37.5,212.5,Standard Class,250.0,-31.87999916,212.5
1,Advance shipping,2.0,4.0,5/10/2015 23:49,5/12/2015 23:49,8906,PROCESSING,Central America,Campeche,Ciudad del Carmen,,Women's Apparel,Golf,24,50.0,5,50.0,37.5,212.5,Standard Class,250.0,59.5,212.5
1,Advance shipping,2.0,4.0,1/21/2015 5:13,1/23/2015 5:13,1386,PROCESSING,South America,São Paulo,Santana de Parnaíba,,Shop By Sport,Golf,29,39.99000168,5,39.99000168,29.98999977,169.9600067,Standard Class,199.9499969,13.26000023,169.9600067
1,Advance shipping,2.0,4.0,5/14/2017 13:09,5/16/2017 13:09,59226,PROCESSING,South America,São Paulo,Limeira,,Shop By Sport,Golf,29,39.99000168,5,39.99000168,31.98999977,167.9600067,Standard Class,199.9499969,33.59000015,167.9600067
1,Advance shipping,3.0,4.0,5/10/2015 3:08,5/13/2015 3:08,8847,PROCESSING,South America,Carabobo,Valencia,,Women's Apparel,Golf,24,50.0,5,50.0,40.0,210.0,Standard Class,250.0,60.90000153,210.0
1,Late delivery,5.0,4.0,4/25/2017 14:45,4/30/2017 14:45,57929,PROCESSING,South America,Distrito Federal,Brasília,,Shop By Sport,Golf,29,39.99000168,5,39.99000168,35.99000168,163.9600067,Standard Class,199.9499969,-245.9400024,163.9600067
1,Late delivery,6.0,4.0,2/20/2017 0:50,2/26/2017 0:50,53505,PROCESSING,Central America,Querétaro,Querétaro,,Women's Apparel,Golf,24,50.0,5,50.0,50.0,200.0,Standard Class,250.0,58.0,200.0
1,Advance shipping,2.0,4.0,3/23/2017 3:25,3/25/2017 3:25,55636,PROCESSING,South America,Santiago de Chile,Santiago de Chile,,Girls' Apparel,Golf,26,70.0,5,70.0,70.0,280.0,Standard Class,350.0,30.79999924,280.0
1,Shipping on time,4.0,4.0,4/13/2017 22:07,4/17/2017 22:07,57128,PROCESSING,Central America,Francisco Morazán,Tegucigalpa,,Electronics,Outdoors,37,47.99000168,5,47.99000168,24.835652308644267,239.9499969,Standard Class,239.9499969,18.0,239.9499969
1,Shipping on time,4.0,4.0,5/8/2015 9:27,5/12/2015 9:27,8728,PROCESSING,South America,Amapá,Macapá,,Accessories,Outdoors,40,24.98999977,5,24.98999977,2.5,122.4499969,Standard Class,124.9499969,55.09999847,122.4499969
1,Late delivery,6.0,4.0,1/17/2015 2:46,1/23/2015 2:46,1105,PROCESSING,Caribbean,Santa Caterina,Portmore,,Electronics,Outdoors,37,47.99000168,5,47.99000168,9.600000381,230.3500061,Standard Class,239.9499969,-14.27999973,230.3500061
1,Advance shipping,3.0,4.0,1/27/2015 5:13,1/30/2015 5:13,1797,PROCESSING,Central America,Baja California,Tijuana,,Accessories,Outdoors,40,24.98999977,5,24.98999977,6.869999886,118.0800018,Standard Class,124.9499969,31.87999916,118.0800018
1,Late delivery,5.0,4.0,1/24/2015 20:06,1/29/2015 20:06,1634,PROCESSING,Central America,San Salvador,San Salvador,,Accessories,Outdoors,40,24.98999977,5,24.98999977,11.25,113.6999969,Standard Class,124.9499969,53.43999863,113.6999969
1,Advance shipping,2.0,4.0,2/21/2017 1:42,2/23/2017 1:42,53576,PROCESSING,Central America,Chihuahua,Juárez,,Trade-In,Outdoors,41,15.98999977,5,15.98999977,8.0,71.95999908,Standard Class,79.94999695,4.53000021,71.95999908
1,Shipping on time,4.0,4.0,5/28/2015 14:41,6/1/2015 14:41,10113,PROCESSING,South America,Santa Catarina,Indaial,,Accessories,Outdoors,40,24.98999977,5,24.98999977,19.98999977,104.9599991,Standard Class,124.9499969,11.85999966,104.9599991
1,Shipping canceled,2.0,4.0,4/1/2015 3:22,4/3/2015 3:22,6176,SUSPECTED_FRAUD,Central America,Coahuila,Saltillo,,Cleats,Apparel,17,59.99000168,5,59.99000168,15.0,284.9500122,Standard Class,299.9500122,35.61999893,284.9500122
1,Shipping canceled,6.0,4.0,6/1/2017 13:28,6/7/2017 13:28,60460,SUSPECTED_FRAUD,Caribbean,Camagüey,Camagüey,,Cleats,Apparel,17,59.99000168,5,59.99000168,27.0,272.9500122,Standard Class,299.9500122,76.43000031,272.9500122
1,Shipping canceled,6.0,4.0,1/9/2015 10:50,1/15/2015 10:50,580,SUSPECTED_FRAUD,Central America,San Salvador,Mejicanos,,Cleats,Apparel,17,59.99000168,5,59.99000168,30.0,269.9599915,Standard Class,299.9500122,40.49000168,269.9599915
1,Shipping canceled,5.0,4.0,4/1/2017 0:25,4/6/2017 0:25,56244,SUSPECTED_FRAUD,Caribbean,Guantánamo,Guantánamo,,Cleats,Apparel,17,59.99000168,5,59.99000168,44.99000168,254.9600067,Standard Class,299.9500122,127.4800034,254.9600067
1,Shipping canceled,3.0,4.0,4/6/2015 4:35,4/9/2015 4:35,6522,SUSPECTED_FRAUD,South America,Valle del Cauca,Cartago,,Cleats,Apparel,17,59.99000168,5,59.99000168,53.99000168,245.9600067,Standard Class,299.9500122,118.0599976,245.9600067
1,Shipping canceled,4.0,4.0,5/1/2017 0:02,5/5/2017 0:02,58298,SUSPECTED_FRAUD,South America,Arequipa,Arequipa,,Cleats,Apparel,17,59.99000168,5,59.99000168,74.98999786,224.9600067,Standard Class,299.9500122,-89.98999786,224.9600067
1,Shipping canceled,6.0,4.0,2/22/2015 21:38,2/28/2015 21:38,3625,SUSPECTED_FRAUD,Central America,Puebla,Atlixco,,Shop By Sport,Golf,29,39.99000168,5,39.99000168,6.0,193.9499969,Standard Class,199.9499969,87.27999878,193.9499969
1,Shipping canceled,2.0,4.0,2/2/2017 18:01,2/4/2017 18:01,52321,SUSPECTED_FRAUD,Caribbean,Santo Domingo,Santo Domingo,,Women's Apparel,Golf,24,50.0,5,50.0,10.0,240.0,Standard Class,250.0,87.12000275,240.0
1,Shipping canceled,2.0,4.0,5/9/2017 17:32,5/11/2017 17:32,58896,SUSPECTED_FRAUD,Caribbean,Santo Domingo,Santo Domingo,,Women's Apparel,Golf,24,50.0,5,50.0,25.0,225.0,Standard Class,250.0,60.75,225.0
1,Shipping canceled,5.0,4.0,3/28/2015 9:20,4/2/2015 9:20,5919,SUSPECTED_FRAUD,South America,Acre,Rio Branco,,Girls' Apparel,Golf,26,70.0,5,70.0,35.0,315.0,Standard Class,350.0,102.3799973,315.0
1,Shipping canceled,3.0,4.0,2/9/2017 8:01,2/12/2017 8:01,52772,SUSPECTED_FRAUD,South America,Ayacucho,Ayacucho,,Women's Apparel,Golf,24,50.0,5,50.0,30.0,220.0,Standard Class,250.0,74.36000061,220.0
1,Shipping canceled,4.0,4.0,5/13/2015 6:49,5/17/2015 6:49,9063,SUSPECTED_FRAUD,Central America,Guatemala,Mixco,,Girls' Apparel,Golf,26,30.0,5,30.0,27.0,123.0,Standard Class,150.0,-190.6499939,123.0
1,Shipping canceled,5.0,4.0,6/15/2017 13:27,6/20/2017 13:27,61419,SUSPECTED_FRAUD,South America,Río de Janeiro,Vassouras,,Women's Apparel,Golf,24,50.0,5,50.0,50.0,200.0,Standard Class,250.0,98.0,200.0
1,Shipping canceled,5.0,4.0,3/28/2015 9:20,4/2/2015 9:20,5919,SUSPECTED_FRAUD,South America,Acre,Rio Branco,,Shop By Sport,Golf,29,39.99000168,5,39.99000168,49.99000168,149.9600067,Standard Class,199.9499969,52.49000168,149.9600067
1,Shipping canceled,3.0,4.0,2/9/2016 22:54,2/12/2016 22:54,27742,CANCELED,South Asia,Telangana,Hyderabad,,Cardio Equipment,Footwear,9,99.98999786,5,99.98999786,50.0,449.9599915,Standard Class,499.9500122,-101.2399979,449.9599915
1,Shipping canceled,4.0,4.0,12/23/2015 22:37,12/27/2015 22:37,24453,CANCELED,Eastern Asia,Jiangsu,Jiangyan,,Cardio Equipment,Footwear,9,99.98999786,5,99.98999786,74.98999786,424.9599915,Standard Class,499.9500122,63.74000168,424.9599915
1,Shipping canceled,6.0,4.0,3/30/2016 15:07,4/5/2016 15:07,31145,CANCELED,Oceania,Canterbury,Christchurch,,Cardio Equipment,Footwear,9,99.98999786,5,99.98999786,124.9899979,374.9599915,Standard Class,499.9500122,101.2399979,374.9599915
1,Advance shipping,3.0,4.0,3/25/2016 14:57,3/28/2016 14:57,30802,PENDING,Oceania,Wellington,Masterton,,Baseball & Softball,Fitness,3,34.99000168,5,34.99000168,20.98999977,153.9600067,Standard Class,174.9499969,13.55000019,153.9600067
1,Late delivery,6.0,4.0,1/13/2016 16:48,1/19/2016 16:48,25875,PENDING,Eastern Asia,Heilongjiang,Daqing,,Electronics,Footwear,13,31.98999977,5,31.98999977,24.835652308644267,159.9499969,Standard Class,159.9499969,47.99000168,159.9499969
1,Late delivery,5.0,4.0,3/22/2016 12:20,3/27/2016 12:20,30589,PENDING,Oceania,Nueva Gales del Sur,Albury,,Cardio Equipment,Footwear,9,30.0,5,30.0,24.835652308644267,150.0,Standard Class,150.0,-34.95000076,150.0
1,Advance shipping,2.0,4.0,11/2/2015 12:42,11/4/2015 12:42,20931,PENDING,Southeast Asia,Capital Nacional,Manila,,Cardio Equipment,Footwear,9,99.98999786,5,99.98999786,25.0,474.9500122,Standard Class,499.9500122,151.9799957,474.9500122
1,Advance shipping,2.0,4.0,10/28/2016 7:28,10/30/2016 7:28,45646,PENDING,West Asia,Bagdad,Bagdad,,Cardio Equipment,Footwear,9,99.98999786,5,99.98999786,27.5,472.4500122,Standard Class,499.9500122,-283.4700012,472.4500122
1,Advance shipping,2.0,4.0,3/9/2016 23:44,3/11/2016 23:44,29731,PENDING,Southeast Asia,Capital Nacional,Valenzuela,,Cardio Equipment,Footwear,9,99.98999786,5,99.98999786,35.0,464.9500122,Standard Class,499.9500122,145.5299988,464.9500122
1,Advance shipping,3.0,4.0,9/16/2016 10:20,9/19/2016 10:20,42777,PENDING,West Asia,Mersin,Mersin,,Cardio Equipment,Footwear,9,99.98999786,5,99.98999786,35.0,464.9500122,Standard Class,499.9500122,-790.4199829,464.9500122
1,Advance shipping,2.0,4.0,12/15/2015 15:58,12/17/2015 15:58,23886,PENDING,Southeast Asia,Calabarzón,Antipolo,,Cardio Equipment,Footwear,9,99.98999786,5,99.98999786,84.98999786,414.9599915,Standard Class,499.9500122,207.4799957,414.9599915
1,Advance shipping,2.0,4.0,9/27/2016 21:00,9/29/2016 21:00,43561,PENDING,South Asia,Lorestan,Borujerd,,Electronics,Footwear,13,31.98999977,5,31.98999977,28.79000092,131.1600037,Standard Class,159.9499969,32.79000092,131.1600037
1,Advance shipping,2.0,4.0,11/29/2016 10:14,12/1/2016 10:14,47846,PENDING,West Asia,Izmir,Izmir,,Cardio Equipment,Footwear,9,99.98999786,5,99.98999786,99.98999786,399.9599915,Standard Class,499.9500122,-349.9700012,399.9599915
1,Advance shipping,3.0,4.0,11/6/2015 8:09,11/9/2015 8:09,21192,PENDING,South Asia,Rajastán,Jaipur,,Cleats,Apparel,17,59.99000168,5,59.99000168,16.5,283.4500122,Standard Class,299.9500122,95.80999756,283.4500122
1,Advance shipping,2.0,4.0,12/5/2015 0:13,12/7/2015 0:13,23156,PENDING,Southeast Asia,Ciudad Ho Chi Minh,Ho Chi Minh City,,Cleats,Apparel,17,59.99000168,5,59.99000168,16.5,283.4500122,Standard Class,299.9500122,79.37000275,283.4500122
1,Advance shipping,2.0,4.0,11/29/2015 23:21,12/1/2015 23:21,22811,PENDING,Eastern Asia,Jilin,Shulan,,Cleats,Apparel,17,59.99000168,5,59.99000168,44.99000168,254.9600067,Standard Class,299.9500122,86.18000031,254.9600067
1,Shipping on time,4.0,4.0,1/7/2016 0:42,1/11/2016 0:42,25418,PENDING,Oceania,Nueva Gales del Sur,Sydney,,Cleats,Apparel,17,59.99000168,5,59.99000168,44.99000168,254.9600067,Standard Class,299.9500122,-97.65000153,254.9600067
1,Advance shipping,3.0,4.0,11/18/2016 10:04,11/21/2016 10:04,47092,PENDING,West Asia,Antalya,Antalya,,Cleats,Apparel,17,59.99000168,5,59.99000168,44.99000168,254.9600067,Standard Class,299.9500122,-420.6799927,254.9600067
1,Shipping on time,4.0,4.0,9/14/2016 16:38,9/18/2016 16:38,42658,PENDING,West Asia,Bagdad,Bagdad,,Cleats,Apparel,17,59.99000168,5,59.99000168,44.99000168,254.9600067,Standard Class,299.9500122,124.9300003,254.9600067
1,Late delivery,5.0,4.0,12/9/2015 22:38,12/14/2015 22:38,23494,PENDING,South Asia,Daca,Daca,,Cleats,Apparel,17,59.99000168,5,59.99000168,47.99000168,251.9600067,Standard Class,299.9500122,88.19000244,251.9600067
1,Advance shipping,2.0,4.0,2/3/2016 17:39,2/5/2016 17:39,27316,PENDING,Eastern Asia,Guangdong,Shantou,,Cleats,Apparel,17,59.99000168,5,59.99000168,50.99000168,248.9600067,Standard Class,299.9500122,90.37000275,248.9600067
1,Advance shipping,2.0,4.0,11/2/2015 12:42,11/4/2015 12:42,20931,PENDING,Southeast Asia,Capital Nacional,Manila,,Cleats,Apparel,17,59.99000168,5,59.99000168,50.99000168,248.9600067,Standard Class,299.9500122,74.69000244,248.9600067
1,Late delivery,6.0,4.0,2/7/2016 5:23,2/13/2016 5:23,27555,PENDING,Southeast Asia,Java Central,Semarang,,Cleats,Apparel,17,59.99000168,5,59.99000168,53.99000168,245.9600067,Standard Class,299.9500122,89.27999878,245.9600067
1,Advance shipping,3.0,4.0,2/23/2016 7:28,2/26/2016 7:28,28657,PENDING,Oceania,Nueva Gales del Sur,Newcastle,,Shop By Sport,Golf,29,39.99000168,5,39.99000168,2.0,197.9499969,Standard Class,199.9499969,95.01999664,197.9499969
1,Advance shipping,2.0,4.0,11/17/2016 5:41,11/19/2016 5:41,47011,PENDING,West Asia,Bagdad,Bagdad,,Women's Apparel,Golf,24,50.0,5,50.0,2.5,247.5,Standard Class,250.0,7.429999828,247.5
1,Advance shipping,2.0,4.0,11/29/2016 10:14,12/1/2016 10:14,47846,PENDING,West Asia,Izmir,Izmir,,Women's Apparel,Golf,24,50.0,5,50.0,5.0,245.0,Standard Class,250.0,27.69000053,245.0
1,Shipping on time,4.0,4.0,11/17/2015 17:46,11/21/2015 17:46,21973,PENDING,Eastern Asia,Jiangsu,Nantong,,Shop By Sport,Golf,29,39.99000168,5,39.99000168,8.0,191.9499969,Standard Class,199.9499969,90.22000122,191.9499969
1,Advance shipping,2.0,4.0,1/3/2017 4:03,1/5/2017 4:03,50226,PENDING,West Asia,Taiz,Taizz,,Women's Apparel,Golf,24,50.0,5,50.0,12.5,237.5,Standard Class,250.0,92.62999725,237.5
1,Advance shipping,3.0,4.0,10/13/2016 6:58,10/16/2016 6:58,44617,PENDING,West Asia,Bagdad,Bagdad,,Women's Apparel,Golf,24,50.0,5,50.0,12.5,237.5,Standard Class,250.0,14.96000004,237.5
1,Advance shipping,2.0,4.0,11/6/2015 9:33,11/8/2015 9:33,21196,PENDING,Eastern Asia,Jiangsu,Yangzhou,,Women's Apparel,Golf,24,50.0,5,50.0,13.75,236.25,Standard Class,250.0,59.06000137,236.25
1,Shipping on time,4.0,4.0,11/6/2015 8:30,11/10/2015 8:30,21193,PENDING,Eastern Asia,Hokkaido,Asahikawa,,Women's Apparel,Golf,24,50.0,5,50.0,17.5,232.5,Standard Class,250.0,72.08000183,232.5
1,Shipping on time,4.0,4.0,1/16/2016 14:10,1/20/2016 14:10,26073,PENDING,Southeast Asia,Mindanao Septentrional,Valencia,,Women's Apparel,Golf,24,50.0,5,50.0,17.5,232.5,Standard Class,250.0,-55.34000015,232.5
1,Late delivery,6.0,4.0,10/10/2016 11:42,10/16/2016 11:42,44425,PROCESSING,North Africa,Chauía-Uardiga,Khouribga,,Cardio Equipment,Footwear,9,99.98999786,4,99.98999786,67.98999786,331.9700012,Standard Class,399.9599915,82.98999786,331.9700012
1,Late delivery,6.0,4.0,12/24/2016 14:13,12/30/2016 14:13,49570,PROCESSING,West Africa,Lagos,Lagos,,Cardio Equipment,Footwear,9,99.98999786,4,99.98999786,67.98999786,331.9700012,Standard Class,399.9599915,103.9100037,331.9700012
1,Late delivery,5.0,4.0,9/6/2016 12:48,9/11/2016 12:48,42099,PROCESSING,North Africa,Al Bahr al Ahmar,Hurghada,,Cleats,Apparel,17,59.99000168,4,59.99000168,21.60000038,218.3600006,Standard Class,239.9600067,76.43000031,218.3600006
1,Advance shipping,2.0,4.0,11/27/2016 17:56,11/29/2016 17:56,47731,PROCESSING,West Africa,Gran Accra,Accra,,Cleats,Apparel,17,59.99000168,4,59.99000168,21.60000038,218.3600006,Standard Class,239.9600067,65.51000214,218.3600006
1,Advance shipping,3.0,4.0,11/3/2016 9:13,11/6/2016 9:13,46062,PROCESSING,North Africa,Tizi Ouzou,Boghni,,Cleats,Apparel,17,59.99000168,4,59.99000168,28.79999924,211.1600037,Standard Class,239.9600067,76.01999664,211.1600037
1,Shipping on time,4.0,4.0,10/17/2016 23:25,10/21/2016 23:25,44938,PROCESSING,North Africa,Mequinez-Tafilalet,Meknes,,Cleats,Apparel,17,59.99000168,4,59.99000168,28.79999924,211.1600037,Standard Class,239.9600067,-154.7799988,211.1600037
1,Shipping on time,4.0,4.0,1/9/2017 21:54,1/13/2017 21:54,50688,PROCESSING,West Africa,Lagunes,Abidjan,,Cleats,Apparel,17,59.99000168,4,59.99000168,35.99000168,203.9700012,Standard Class,239.9600067,71.38999939,203.9700012
1,Late delivery,6.0,4.0,12/22/2016 18:26,12/28/2016 18:26,49445,PROCESSING,East Africa,Central,Thika,,Cleats,Apparel,17,59.99000168,4,59.99000168,38.38999939,201.5700073,Standard Class,239.9600067,65.51000214,201.5700073
1,Shipping on time,4.0,4.0,11/30/2016 18:27,12/4/2016 18:27,47938,PROCESSING,North Africa,El Cairo,Cairo,,Shop By Sport,Golf,29,39.99000168,4,39.99000168,1.600000024,158.3600006,Standard Class,159.9600067,72.84999847,158.3600006
1,Late delivery,5.0,4.0,10/22/2016 12:23,10/27/2016 12:23,45249,PROCESSING,North Africa,Nilo Blanco,Ad Diwem,,Shop By Sport,Golf,29,39.99000168,4,39.99000168,1.600000024,158.3600006,Standard Class,159.9600067,60.18000031,158.3600006
1,Late delivery,5.0,4.0,9/3/2016 5:58,9/8/2016 5:58,41874,PROCESSING,North Africa,Ash Sharqiyah,Abu Kabir,,Women's Apparel,Golf,24,50.0,4,50.0,6.0,194.0,Standard Class,200.0,93.12000275,194.0
1,Advance shipping,3.0,4.0,8/29/2016 20:10,9/1/2016 20:10,41572,PROCESSING,North Africa,Alejandría,Alexandria,,Women's Apparel,Golf,24,50.0,4,50.0,14.0,186.0,Standard Class,200.0,87.41999817,186.0
1,Advance shipping,3.0,4.0,11/3/2016 9:13,11/6/2016 9:13,46062,PROCESSING,North Africa,Tizi Ouzou,Boghni,,Women's Apparel,Golf,24,50.0,4,50.0,20.0,180.0,Standard Class,200.0,45.0,180.0
1,Late delivery,6.0,4.0,9/1/2016 22:47,9/7/2016 22:47,41785,PROCESSING,North Africa,Gran Casablanca,Casablanca,,Shop By Sport,Golf,29,39.99000168,4,39.99000168,20.79000092,139.1699982,Standard Class,159.9600067,69.58000183,139.1699982
1,Advance shipping,2.0,4.0,9/19/2016 6:18,9/21/2016 6:18,42971,PROCESSING,North Africa,Rabat-Salé-Zemur-Zaer,Sale,,Shop By Sport,Golf,29,39.99000168,4,39.99000168,20.79000092,139.1699982,Standard Class,159.9600067,40.36000061,139.1699982
1,Advance shipping,3.0,4.0,10/14/2016 3:59,10/17/2016 3:59,44677,PROCESSING,Central Africa,Katanga,Kalemie,,Women's Apparel,Golf,24,50.0,4,50.0,34.0,166.0,Standard Class,200.0,-290.5,166.0
1,Advance shipping,2.0,4.0,9/23/2016 13:39,9/25/2016 13:39,43266,PROCESSING,North Africa,Gezira,Wad Madani,,Women's Apparel,Golf,24,50.0,4,50.0,34.0,166.0,Standard Class,200.0,-265.6000061,166.0
1,Shipping on time,4.0,4.0,1/9/2017 21:54,1/13/2017 21:54,50688,PROCESSING,West Africa,Lagunes,Abidjan,,Shop By Sport,Golf,29,39.99000168,4,39.99000168,27.19000053,132.7700043,Standard Class,159.9600067,15.0,132.7700043
1,Advance shipping,3.0,4.0,11/30/2016 11:06,12/3/2016 11:06,47917,PROCESSING,Central Africa,Kinshasa,Kinshasa,,Women's Apparel,Golf,24,50.0,4,50.0,36.0,164.0,Standard Class,200.0,47.56000137,164.0
1,Advance shipping,2.0,4.0,12/14/2016 19:50,12/16/2016 19:50,48901,PROCESSING,East Africa,Benadir,Mogadishu,,Golf Balls,Outdoors,36,19.98999977,4,19.98999977,12.78999996,67.16999817,Standard Class,79.95999908,27.54000092,67.16999817
1,Shipping canceled,6.0,4.0,10/8/2016 3:39,10/14/2016 3:39,44265,SUSPECTED_FRAUD,Central Africa,Luanda,Luanda,,Tennis & Racquet,Fitness,6,44.99000168,4,44.99000168,9.0,170.9600067,Standard Class,179.9600067,62.06000137,170.9600067
1,Shipping canceled,6.0,4.0,8/30/2016 2:28,9/5/2016 2:28,41590,SUSPECTED_FRAUD,East Africa,Dar es Salaam,Dar es Salaam,,Cardio Equipment,Footwear,9,99.98999786,4,99.98999786,12.0,387.9599915,Standard Class,399.9599915,186.2200012,387.9599915
1,Shipping canceled,3.0,4.0,11/2/2016 6:56,11/5/2016 6:56,45987,SUSPECTED_FRAUD,North Africa,El Cairo,Cairo,,Cleats,Apparel,17,59.99000168,4,59.99000168,47.99000168,191.9700012,Standard Class,239.9600067,-63.15999985,191.9700012
1,Shipping canceled,3.0,4.0,10/10/2016 21:09,10/13/2016 21:09,44452,SUSPECTED_FRAUD,North Africa,Nilo Blanco,Ad Diwem,,Women's Apparel,Golf,24,50.0,4,50.0,24.0,176.0,Standard Class,200.0,86.23999786,176.0
1,Shipping canceled,4.0,4.0,12/19/2016 10:54,12/23/2016 10:54,49218,SUSPECTED_FRAUD,West Africa,Kindia,Kindia,,Shop By Sport,Golf,29,39.99000168,4,39.99000168,20.79000092,139.1699982,Standard Class,159.9600067,44.52999878,139.1699982
1,Shipping canceled,6.0,4.0,11/29/2016 8:07,12/5/2016 8:07,47840,SUSPECTED_FRAUD,North Africa,Taza-Alhucemas-Taunat,Taza,,Girls' Apparel,Golf,26,70.0,4,70.0,44.79999924,235.1999969,Standard Class,280.0,63.5,235.1999969
1,Shipping canceled,4.0,4.0,11/24/2016 6:33,11/28/2016 6:33,47493,SUSPECTED_FRAUD,East Africa,Dire Dawa,Dire Dawa,,Shop By Sport,Golf,29,39.99000168,4,39.99000168,28.79000092,131.1699982,Standard Class,159.9600067,8.260000229,131.1699982
1,Shipping canceled,3.0,4.0,11/2/2016 6:56,11/5/2016 6:56,45987,SUSPECTED_FRAUD,North Africa,El Cairo,Cairo,,Women's Apparel,Golf,24,50.0,4,50.0,40.0,160.0,Standard Class,200.0,20.0,160.0
1,Shipping canceled,6.0,4.0,8/30/2016 2:28,9/5/2016 2:28,41590,SUSPECTED_FRAUD,East Africa,Dar es Salaam,Dar es Salaam,,Electronics,Outdoors,37,51.99000168,4,51.99000168,2.079999924,205.8800049,Standard Class,207.9600067,61.75999832,205.8800049
1,Shipping canceled,5.0,4.0,7/27/2017 5:41,8/1/2017 5:41,64274,CANCELED,Western Europe,Groningen,Groningen,,Cardio Equipment,Footwear,9,99.98999786,4,99.98999786,79.98999786,319.9700012,Standard Class,399.9599915,108.1500015,319.9700012
1,Shipping canceled,4.0,4.0,7/14/2015 2:31,7/18/2015 2:31,13298,CANCELED,Southern Europe,Piamonte,Turin,,Cleats,Apparel,17,59.99000168,4,59.99000168,4.800000191,235.1600037,Standard Class,239.9600067,115.2300034,235.1600037
1,Shipping canceled,2.0,4.0,7/5/2017 12:22,7/7/2017 12:22,62786,CANCELED,Western Europe,Renania del Norte-Westfalia,Cologne,,Cleats,Apparel,17,59.99000168,4,59.99000168,9.600000381,230.3600006,Standard Class,239.9600067,-109.4199982,230.3600006
1,Shipping canceled,5.0,4.0,7/23/2015 11:06,7/28/2015 11:06,13939,CANCELED,Southern Europe,Lombardía,Milan,,Cleats,Apparel,17,59.99000168,4,59.99000168,28.79999924,211.1600037,Standard Class,239.9600067,23.86000061,211.1600037
1,Shipping canceled,5.0,4.0,11/15/2016 2:11,11/20/2016 2:11,46864,CANCELED,Eastern Europe,Tambov,Uvarovo,,Cleats,Apparel,17,59.99000168,4,59.99000168,31.19000053,208.7700043,Standard Class,239.9600067,-100.8300018,208.7700043
1,Shipping canceled,6.0,4.0,8/31/2015 3:51,9/6/2015 3:51,16590,CANCELED,Northern Europe,Inglaterra,Southend-on-Sea,,Cleats,Apparel,17,59.99000168,4,59.99000168,43.18999863,196.7700043,Standard Class,239.9600067,57.06000137,196.7700043
1,Shipping canceled,6.0,4.0,7/6/2017 7:18,7/12/2017 7:18,62840,CANCELED,Northern Europe,Inglaterra,Widnes,,Cleats,Apparel,17,59.99000168,4,59.99000168,59.99000168,179.9700012,Standard Class,239.9600067,84.58999634,179.9700012
1,Shipping canceled,5.0,4.0,9/4/2017 10:22,9/9/2017 10:22,66959,CANCELED,Western Europe,Alsacia-Champaña-Ardenas-Lorena,Strasbourg,,Women's Apparel,Golf,24,50.0,4,50.0,2.0,198.0,Standard Class,200.0,55.43999863,198.0
1,Shipping canceled,6.0,4.0,7/11/2017 20:25,7/17/2017 20:25,63220,CANCELED,Western Europe,Provenza-Alpes-Costa Azul,Carpentras,,Shop By Sport,Golf,29,39.99000168,4,39.99000168,8.0,151.9600067,Standard Class,159.9600067,28.87000084,151.9600067
1,Shipping canceled,3.0,4.0,10/14/2015 17:07,10/17/2015 17:07,19642,CANCELED,Western Europe,Utrecht,Utrecht,,Women's Apparel,Golf,24,50.0,4,50.0,11.0,189.0,Standard Class,200.0,75.59999847,189.0
1,Shipping canceled,5.0,4.0,8/13/2017 5:50,8/18/2017 5:50,65439,CANCELED,Western Europe,Limburgo,Genk,,Women's Apparel,Golf,24,50.0,4,50.0,14.0,186.0,Standard Class,200.0,85.55999756,186.0
1,Shipping canceled,6.0,4.0,7/6/2017 7:18,7/12/2017 7:18,62840,CANCELED,Northern Europe,Inglaterra,Widnes,,Women's Apparel,Golf,24,50.0,4,50.0,20.0,180.0,Standard Class,200.0,59.40000153,180.0
1,Shipping canceled,4.0,4.0,9/11/2015 10:40,9/15/2015 10:40,17363,CANCELED,Northern Europe,Inglaterra,Gloucester,,Women's Apparel,Golf,24,50.0,4,50.0,20.0,180.0,Standard Class,200.0,70.19999695,180.0
1,Shipping canceled,4.0,4.0,7/14/2015 2:31,7/18/2015 2:31,13298,CANCELED,Southern Europe,Piamonte,Turin,,Shop By Sport,Golf,29,39.99000168,4,39.99000168,16.0,143.9600067,Standard Class,159.9600067,38.86999893,143.9600067
1,Shipping canceled,3.0,4.0,9/24/2015 4:52,9/27/2015 4:52,18237,CANCELED,Southern Europe,Sicilia,Messina,,Women's Apparel,Golf,24,50.0,4,50.0,34.0,166.0,Standard Class,200.0,43.15999985,166.0
1,Shipping canceled,4.0,4.0,9/4/2017 10:01,9/8/2017 10:01,66958,CANCELED,Northern Europe,Uusimaa,Helsinki,,Shop By Sport,Golf,29,39.99000168,4,39.99000168,28.79000092,131.1699982,Standard Class,159.9600067,41.06000137,131.1699982
1,Shipping canceled,5.0,4.0,9/1/2017 14:03,9/6/2017 14:03,66764,CANCELED,Western Europe,Provenza-Alpes-Costa Azul,Miramas,,Women's Apparel,Golf,24,50.0,4,50.0,36.0,164.0,Standard Class,200.0,77.08000183,164.0
1,Shipping canceled,5.0,4.0,9/1/2017 14:03,9/6/2017 14:03,66764,CANCELED,Western Europe,Provenza-Alpes-Costa Azul,Miramas,,Women's Apparel,Golf,24,50.0,4,50.0,40.0,160.0,Standard Class,200.0,56.0,160.0
1,Shipping canceled,4.0,4.0,12/4/2016 11:48,12/8/2016 11:48,48193,CANCELED,Eastern Europe,Sofía-Ciudad,Sofia,,Accessories,Outdoors,40,24.98999977,4,24.98999977,10.0,89.95999908,Standard Class,99.95999908,43.18000031,89.95999908
1,Advance shipping,2.0,4.0,8/11/2015 7:44,8/13/2015 7:44,15231,PENDING,Southern Europe,Andalucía,Granada,,Lacrosse,Fitness,5,24.98999977,4,24.98999977,9.0,90.95999908,Standard Class,99.95999908,31.84000015,90.95999908
1,Advance shipping,2.0,4.0,6/2/2015 13:06,6/4/2015 13:06,10451,PENDING,Western Europe,Normandía,Mont-Saint-Aignan,,Baseball & Softball,Fitness,3,59.99000168,4,59.99000168,40.79000092,199.1699982,Standard Class,239.9600067,11.94999981,199.1699982
1,Late delivery,5.0,4.0,6/2/2015 15:54,6/7/2015 15:54,10459,PENDING,Western Europe,Berlín,Berlín,,Cardio Equipment,Footwear,9,99.98999786,4,99.98999786,24.835652308644267,399.9599915,Standard Class,399.9599915,-599.9400024,399.9599915
1,Advance shipping,3.0,4.0,7/26/2017 11:28,7/29/2017 11:28,64222,PENDING,Southern Europe,Piamonte,Turin,,Cardio Equipment,Footwear,9,99.98999786,4,99.98999786,12.0,387.9599915,Standard Class,399.9599915,182.3399963,387.9599915
1,Advance shipping,3.0,4.0,7/21/2017 21:07,7/24/2017 21:07,63907,PENDING,Southern Europe,Cerdeña,Cagliari,,Cardio Equipment,Footwear,9,99.98999786,4,99.98999786,16.0,383.9599915,Standard Class,399.9599915,111.3499985,383.9599915
1,Shipping on time,4.0,4.0,10/7/2015 22:33,10/11/2015 22:33,19178,PENDING,Southern Europe,Lombardía,Milan,,Cardio Equipment,Footwear,9,99.98999786,4,99.98999786,20.0,379.9599915,Standard Class,399.9599915,170.9799957,379.9599915
1,Advance shipping,2.0,4.0,9/5/2017 16:50,9/7/2017 16:50,67046,PENDING,Western Europe,Renania del Norte-Westfalia,Erftstadt,,Cardio Equipment,Footwear,9,99.98999786,4,99.98999786,20.0,379.9599915,Standard Class,399.9599915,38.0,379.9599915
1,Advance shipping,3.0,4.0,8/11/2017 9:21,8/14/2017 9:21,65312,PENDING,Northern Europe,Inglaterra,Harrow,,Cardio Equipment,Footwear,9,99.98999786,4,99.98999786,22.0,377.9599915,Standard Class,399.9599915,185.1999969,377.9599915
1,Advance shipping,2.0,4.0,8/28/2015 21:54,8/30/2015 21:54,16436,PENDING,Southern Europe,Abruzos,Pescara,,Cardio Equipment,Footwear,9,99.98999786,4,99.98999786,36.0,363.9599915,Standard Class,399.9599915,69.15000153,363.9599915
1,Advance shipping,3.0,4.0,6/22/2015 13:25,6/25/2015 13:25,11822,PENDING,Western Europe,Norte-Paso de Calais-Picardía,Tourcoing,,Electronics,Footwear,13,31.98999977,4,31.98999977,11.52000046,116.4400024,Standard Class,127.9599991,-69.87000275,116.4400024
1,Shipping on time,4.0,4.0,10/13/2015 1:10,10/17/2015 1:10,19528,PENDING,Southern Europe,Campania,Afragola,,Cardio Equipment,Footwear,9,99.98999786,4,99.98999786,40.0,359.9599915,Standard Class,399.9599915,100.7900009,359.9599915
1,Shipping on time,4.0,4.0,12/27/2016 9:50,12/31/2016 9:50,49763,PENDING,Eastern Europe,Lugansk,Lugansk,,Electronics,Footwear,13,44.99000168,4,44.99000168,21.60000038,158.3600006,Standard Class,179.9600067,76.01999664,158.3600006
1,Shipping on time,4.0,4.0,8/22/2015 17:43,8/26/2015 17:43,16013,PENDING,Northern Europe,Inglaterra,Doncaster,,Cardio Equipment,Footwear,9,99.98999786,4,99.98999786,48.0,351.9599915,Standard Class,399.9599915,168.9400024,351.9599915
1,Advance shipping,3.0,4.0,9/11/2015 5:04,9/14/2015 5:04,17347,PENDING,Western Europe,Isla de Francia,Bry-sur-Marne,,Cardio Equipment,Footwear,9,99.98999786,4,99.98999786,48.0,351.9599915,Standard Class,399.9599915,147.8300018,351.9599915
1,Advance shipping,2.0,4.0,10/12/2015 13:58,10/14/2015 13:58,19496,PENDING,Western Europe,Henao,Charleroi,,Cardio Equipment,Footwear,9,99.98999786,4,99.98999786,51.99000168,347.9700012,Standard Class,399.9599915,-69.58999634,347.9700012
1,Late delivery,5.0,4.0,7/5/2017 13:25,7/10/2017 13:25,62789,PENDING,Western Europe,Bavaria,Munich,,Cardio Equipment,Footwear,9,99.98999786,4,99.98999786,59.99000168,339.9700012,Standard Class,399.9599915,105.3899994,339.9700012
1,Late delivery,5.0,4.0,6/20/2015 9:34,6/25/2015 9:34,11674,PENDING,Western Europe,Aquitania-Lemosín-Poitou-Charentes,Niort,,Cardio Equipment,Footwear,9,99.98999786,4,99.98999786,63.99000168,335.9700012,Standard Class,399.9599915,87.34999847,335.9700012
1,Advance shipping,2.0,4.0,9/17/2017 16:07,9/19/2017 16:07,67866,PENDING,Southern Europe,Véneto,Venice,,Cardio Equipment,Footwear,9,99.98999786,4,99.98999786,71.98999786,327.9700012,Standard Class,399.9599915,28.86000061,327.9700012
1,Late delivery,5.0,4.0,7/18/2015 11:59,7/23/2015 11:59,13599,PENDING,Western Europe,Baden-Wurtemberg,Ulm,,Cardio Equipment,Footwear,9,99.98999786,4,99.98999786,79.98999786,319.9700012,Standard Class,399.9599915,20.15999985,319.9700012
1,Late delivery,5.0,4.0,6/1/2015 13:37,6/6/2015 13:37,10384,PENDING,Northern Europe,Inglaterra,Cambridge,,Cleats,Apparel,17,59.99000168,4,59.99000168,24.835652308644267,239.9600067,Standard Class,239.9600067,-39.11000061,239.9600067
1,Late delivery,6.0,4.0,7/10/2017 7:38,7/16/2017 7:38,63115,PENDING,Western Europe,Renania del Norte-Westfalia,Siegen,,Cleats,Apparel,17,59.99000168,4,59.99000168,24.835652308644267,239.9600067,Standard Class,239.9600067,79.19000244,239.9600067
1,Advance shipping,2.0,4.0,7/16/2017 4:08,7/18/2017 4:08,63516,PENDING,Western Europe,Países del Loira,Nantes,,Cleats,Apparel,17,59.99000168,4,59.99000168,4.800000191,235.1600037,Standard Class,239.9600067,117.5800018,235.1600037
1,Advance shipping,2.0,4.0,6/25/2017 7:08,6/27/2017 7:08,62086,PENDING,Northern Europe,Inglaterra,London,,Cleats,Apparel,17,59.99000168,4,59.99000168,7.199999809,232.7599945,Standard Class,239.9600067,20.47999954,232.7599945
1,Advance shipping,3.0,4.0,7/5/2017 23:14,7/8/2017 23:14,62817,PENDING,Southern Europe,Madrid,Las Rozas de Madrid,,Cleats,Apparel,17,59.99000168,4,59.99000168,7.199999809,232.7599945,Standard Class,239.9600067,58.18999863,232.7599945
1,Advance shipping,2.0,4.0,6/8/2015 10:59,6/10/2015 10:59,10856,PENDING,Northern Europe,Inglaterra,Luton,,Cleats,Apparel,17,59.99000168,4,59.99000168,9.600000381,230.3600006,Standard Class,239.9600067,82.93000031,230.3600006
